2722 4740
555 594 753 642 messanen.
1131 583 1189 646 357

453 746 493 822 ll.
545 743 602 845 Jtt
629 744 829 850 uetare.

184 924 314 982 Piissime
332 923 427 994 Pater,
448 921 478 977 iu
495 921 598 980 unione
614 899 845 995 illius'earitatis
868 878 924 995 qua
940 923 1109 997 Unigenitus
1127 934 1191 988 tuus

99 1025 212 1067 omnem
230 1007 366 1065 inflnxnm
375 1006 541 1078 diuinitatis,
559 1007 653 1079 quiin
672 1008 732 1078 ejus
743 1006 946 1066 humanitatem
958 1009 1110 1082 descendit,
1128 1030 1191 1072 enm
1294 1012 1300 1022 '

100 1095 186 1165 plena
203 1091 376 1164 gratitudine
394 1089 515 1148 offerens
532 1090 656 1149 refundit
677 1092 707 1148 in
724 1091 855 1163 abyssum
872 1093 988 1165 originis
1004 1110 1081 1166 suae,
1102 1095 1190 1157 offero
1233 1123 1235 1127 v

99 1177 153 1237 tibi
171 1179 266 1255 omnia
287 1183 315 1233 et
332 1175 441 1245 singula
458 1175 537 1244 bona,
562 1192 634 1248 quae
657 1192 692 1233 ex
708 1175 844 1234 ineffabili
861 1176 1034 1248 benignitate
1050 1186 1101 1239 tna
1121 1182 1191 1240 mihi

101 1278 232 1335 umquam
249 1255 402 1326 contulisti,
421 1275 510 1331 eaque
527 1276 636 1319 summo
653 1261 833 1332 gratitudinis
850 1260 952 1325 affectu
962 1279 1093 1322 unacum
1106 1269 1192 1325 meri·

99 1349 137 1404 tis
160 1352 192 1406 ,et
216 1345 369 1404 virtutibus
386 1345 513 1416 ejusdem
528 1343 596 1401 Filii
613 1345 662 1424 tui
672 1361 757 1416 super
774 1345 859 1403 altari
884 1353 933 1404 tuo
955 1348 985 1404 in
1002 1350 1191 1422 sempiternae

101 1430 191 1489 laudis
208 1428 375 1499 sacrificium
392 1429 515 1486 immolo.
545 1429 671 1488 Maxime
684 1445 754 1488 vero
772 1429 928 1488 offero‘tibi
941 1447 990 1490 eor
1003 1449 1106 1508 meum,
1120 1432 1190 1497 hen!

98 1517 184 1575 nimis
200 1531 318 1587 pravum
337 1524 365 1572 et
383 1514 551 1585 improbum,
573 1512 700 1585 illudque
724 1530 806 1572 sacro
824 1516 889 1573 huie
902 1508 987 1574 'calici
1004 1518 1139 1598 inmergo
1157 1536 1192 1579 ea

100 1602 264 1675 intentione¹
282 1604 311 1657 et
333 1597 483 1671 desiderio,
508 1604 540 1655 ut
564 1615 661 1656 omnes
678 1599 745 1661 illae
762 1601 905 1658 orationes
923 1607 952 1658 et
971 1599 1191 1679 benedictiones,

99 1701 174 1759 qnae
190 1700 276 1756 super
292 1685 365 1741 hunc
382 1683 499 1740 calicem
515 1680 592 1754 fient,
615 1685 702 1742 etiarn
727 1700 812 1756 super
829 1700 877 1743 eor
894 1701 987 1742 meum
1004 1688 1192 1764 pronuntian-

98 1778 155 1839 tur,
180 1777 265 1842 atque
282 1785 333 1841 per
343 1767 482 1825 uirtutem
497 1768 578 1827 istius
596 1765 746 1826 ineffabilis
770 1771 998 1842 consecrationis,
1026 1773 1192 1843 quarinum

99 1855 130 1912 in
147 1854 211 1912 Filii
235 1855 276 1911 tui
300 1853 463 1924 sanguinem
485 1858 676 1926 convertetur,
702 1854 795 1923 ipsum
818 1869 930 1927 quoque
953 1856 983 1912 in
1006 1855 1048 1912 tui
1063 1873 1190 1915 amoram

100 1936 256 1998 efficaciter
274 1941 461 1996 convertatur.
475 1930 484 1948 '
498 1937 597 1995 Amen.
750 1951 754 1959 ·

237 2989 266 3044 2.
300 2985 337 3041 Di
358 2983 450 3041 -vi·
467 2999 504 3039 na
531 2991 562 3040 tu
604 2984 708 3041 vir-td
737 3016 752 3063 f
786 2990 816 3042 te
846 2984 924 3042 Haee
942 2983 1047 3042 d0·na
1072 2984 1183 3042 adn-se·

239 3073 266 3126 3.
301 3068 370 3126 Cum
398 3067 510 3125 d0·nis
538 3069 561 3126 ti
577 3099 590 3112 ·
608 3069 636 3126 bi
675 3067 712 3127 da
743 3086 838 3128 ·mus
858 3069 992 3128 Nostram
1004 3068 1180 3127 sub-stdn·ti·

189 4288 216 4345 2.
252 4300 309 4357 era
365 4281 406 4341 Ut
442 4280 590 4341 'no-stra
619 4299 672 4354 pro
711 4298 742 4340 sa
781 4311 794 4323 ·
827 4282 857 4338 lt
942 4312 954 4323 ·
1038 4288 1068 4341 te

106 4388 110 4398 Δ
191 4374 217 4426 3.
253 4385 305 4438 arn,
357 4367 426 4442 Fac,
461 4374 493 4426 ut
542 4368 648 4426 re·ei
682 4367 741 4438 -pi
784 4366 850 4424 -t
940 4396 952 4409 ·
1016 4384 1077 4425 rnus
1117 4367 1199 4425 Oee-
1307 4349 1343 4434 ,²
