<?xml version="1.0" encoding="UTF-8"?>
<!DOCTYPE html PUBLIC "-//W3C//DTD XHTML 1.0 Transitional//EN"
    "http://www.w3.org/TR/xhtml1/DTD/xhtml1-transitional.dtd">
<html xmlns="http://www.w3.org/1999/xhtml" xml:lang="en" lang="en">
 <head>
  <title>
</title>
<meta http-equiv="Content-Type" content="text/html;charset=utf-8" />
  <meta name='ocr-system' content='tesseract 3.04.00' />
  <meta name='ocr-capabilities' content='ocr_page ocr_carea ocr_par ocr_line ocrx_word'/>
</head>
<body>
  <div class='ocr_page' id='page_1' title='image "./cantionessacrae00mohrgoog/cantionessacrae00mohrgoog_0333.png"; bbox 0 0 2730 4748; ppageno 0'>
   <div class='ocr_carea' id='block_1_1' title="bbox 603 566 782 614">
    <p class='ocr_par' dir='ltr' id='par_1_1' title="bbox 603 566 782 614">
     <span class='ocr_line' id='line_1_1' title="bbox 603 566 782 614; baseline -0.006 -8"><span class='ocrx_word' id='word_1_1' title='bbox 603 568 662 606; x_wconf 76' lang='lat' dir='ltr'><strong>nim</strong></span> <span class='ocrx_word' id='word_1_2' title='bbox 674 568 753 614; x_wconf 79' lang='lat' dir='ltr'><strong>privata</strong></span> <span class='ocrx_word' id='word_1_3' title='bbox 767 566 782 606; x_wconf 93' lang='lat'><strong>1.</strong></span> 
     </span>
    </p>
   </div>
   <div class='ocr_carea' id='block_1_2' title="bbox 457 783 877 888">
    <p class='ocr_par' dir='ltr' id='par_1_2' title="bbox 457 783 877 888">
     <span class='ocr_line' id='line_1_2' title="bbox 457 783 877 888; baseline 0 -23"><span class='ocrx_word' id='word_1_4' title='bbox 457 878 462 886; x_wconf 24' lang='grc'><strong><em>1</em></strong></span> <span class='ocrx_word' id='word_1_5' title='bbox 499 787 540 868; x_wconf 72' lang='lat' dir='ltr'><strong>V,</strong></span> <span class='ocrx_word' id='word_1_6' title='bbox 591 784 648 885; x_wconf 58' lang='lat' dir='ltr'><strong>Ji</strong></span> <span class='ocrx_word' id='word_1_7' title='bbox 676 783 877 888; x_wconf 58' lang='lat' dir='ltr'><strong>Quietiora.</strong></span> 
     </span>
    </p>
   </div>
   <div class='ocr_carea' id='block_1_3' title="bbox 95 956 1243 1535">
    <p class='ocr_par' dir='ltr' id='par_1_3' title="bbox 95 956 1243 1535">
     <span class='ocr_line' id='line_1_3' title="bbox 136 956 1235 1034; baseline 0.002 -18"><span class='ocrx_word' id='word_1_8' title='bbox 136 985 139 989; x_wconf 94' lang='lat'>·</span> <span class='ocrx_word' id='word_1_9' title='bbox 230 959 351 1017; x_wconf 85' lang='lat' dir='ltr'><strong>Domine</strong></span> <span class='ocrx_word' id='word_1_10' title='bbox 375 958 445 1017; x_wconf 88' lang='lat' dir='ltr'><strong>Jesu</strong></span> <span class='ocrx_word' id='word_1_11' title='bbox 471 958 591 1032; x_wconf 81' lang='lat' dir='ltr'><strong>Christe,</strong></span> <span class='ocrx_word' id='word_1_12' title='bbox 616 959 671 1016; x_wconf 86' lang='lat' dir='ltr'>Fili</span> <span class='ocrx_word' id='word_1_13' title='bbox 688 959 742 1016; x_wconf 91' lang='lat' dir='ltr'><strong>Dei</strong></span> <span class='ocrx_word' id='word_1_14' title='bbox 767 959 823 1016; x_wconf 87' lang='lat' dir='ltr'><strong>vivi</strong></span> <span class='ocrx_word' id='word_1_15' title='bbox 846 963 876 1015; x_wconf 88' lang='lat' dir='ltr'><strong>et</strong></span> <span class='ocrx_word' id='word_1_16' title='bbox 891 956 1031 1033; x_wconf 79' lang='lat' dir='ltr'><strong>gloriosae</strong></span> <span class='ocrx_word' id='word_1_17' title='bbox 1049 960 1181 1034; x_wconf 82' lang='lat' dir='ltr'><strong>Virginis,</strong></span> <span class='ocrx_word' id='word_1_18' title='bbox 1206 962 1235 1019; x_wconf 89' lang='lat' dir='ltr'><strong>in</strong></span> 
     </span>
     <span class='ocr_line' id='line_1_4' title="bbox 147 1042 1243 1116; baseline 0.004 -17"><span class='ocrx_word' id='word_1_19' title='bbox 147 1043 310 1116; x_wconf 81' lang='lat' dir='ltr'><strong>memoriam</strong></span> <span class='ocrx_word' id='word_1_20' title='bbox 323 1047 352 1101; x_wconf 92' lang='lat' dir='ltr'><strong>et</strong></span> <span class='ocrx_word' id='word_1_21' title='bbox 367 1043 398 1100; x_wconf 89' lang='lat' dir='ltr'><strong>in</strong></span> <span class='ocrx_word' id='word_1_22' title='bbox 412 1042 524 1101; x_wconf 87' lang='lat' dir='ltr'><strong>laudem</strong></span> <span class='ocrx_word' id='word_1_23' title='bbox 538 1045 689 1101; x_wconf 80' lang='lat' dir='ltr'><strong>immensae</strong></span> <span class='ocrx_word' id='word_1_24' title='bbox 704 1043 831 1100; x_wconf 81' lang='lat' dir='ltr'><strong>caritatis</strong></span> <span class='ocrx_word' id='word_1_25' title='bbox 846 1048 921 1116; x_wconf 85' lang='lat' dir='ltr'><strong>tuse,</strong></span> <span class='ocrx_word' id='word_1_26' title='bbox 941 1058 995 1114; x_wconf 84' lang='lat' dir='ltr'><strong>qua</strong></span> <span class='ocrx_word' id='word_1_27' title='bbox 1010 1049 1038 1102; x_wconf 87' lang='lat' dir='ltr'><strong>te</strong></span> <span class='ocrx_word' id='word_1_28' title='bbox 1052 1045 1132 1102; x_wconf 90' lang='lat' dir='ltr'><strong>nobis</strong></span> <span class='ocrx_word' id='word_1_29' title='bbox 1146 1051 1243 1104; x_wconf 51' lang='lat' dir='ltr'><strong>totum¹</strong></span> 
     </span>
     <span class='ocr_line' id='line_1_5' title="bbox 144 1125 1236 1201; baseline 0.005 -19"><span class='ocrx_word' id='word_1_30' title='bbox 144 1129 174 1183; x_wconf 91' lang='lat' dir='ltr'><strong>iu</strong></span> <span class='ocrx_word' id='word_1_31' title='bbox 191 1129 274 1185; x_wconf 84' lang='lat' dir='ltr'><strong>altari</strong></span> <span class='ocrx_word' id='word_1_32' title='bbox 292 1127 390 1188; x_wconf 80' lang='lat' dir='ltr'><strong>Crucis</strong></span> <span class='ocrx_word' id='word_1_33' title='bbox 408 1128 579 1200; x_wconf 82' lang='lat' dir='ltr'><strong>impendisti,</strong></span> <span class='ocrx_word' id='word_1_34' title='bbox 605 1134 664 1186; x_wconf 90' lang='lat' dir='ltr'><strong>tam</strong></span> <span class='ocrx_word' id='word_1_35' title='bbox 682 1127 736 1184; x_wconf 89' lang='lat' dir='ltr'><strong>hoo</strong></span> <span class='ocrx_word' id='word_1_36' title='bbox 752 1127 854 1184; x_wconf 84' lang='lat' dir='ltr'><strong>missae</strong></span> <span class='ocrx_word' id='word_1_37' title='bbox 873 1125 1053 1197; x_wconf 83' lang='lat' dir='ltr'><strong>sacrificium,</strong></span> <span class='ocrx_word' id='word_1_38' title='bbox 1078 1145 1162 1201; x_wconf 85' lang='lat' dir='ltr'><strong>quarn</strong></span> <span class='ocrx_word' id='word_1_39' title='bbox 1180 1131 1236 1189; x_wconf 83' lang='lat' dir='ltr'><strong>alia</strong></span> 
     </span>
     <span class='ocr_line' id='line_1_6' title="bbox 145 1211 1234 1287; baseline 0.004 -19"><span class='ocrx_word' id='word_1_40' title='bbox 145 1213 246 1282; x_wconf 88' lang='lat' dir='ltr'><strong>omnia,</strong></span> <span class='ocrx_word' id='word_1_41' title='bbox 273 1229 346 1284; x_wconf 90' lang='lat' dir='ltr'><strong>quae</strong></span> <span class='ocrx_word' id='word_1_42' title='bbox 371 1228 423 1283; x_wconf 92' lang='lat' dir='ltr'><strong>per</strong></span> <span class='ocrx_word' id='word_1_43' title='bbox 448 1213 626 1271; x_wconf 80' lang='lat' dir='ltr'><strong>sacerdotum</strong></span> <span class='ocrx_word' id='word_1_44' title='bbox 651 1227 749 1268; x_wconf 89' lang='lat' dir='ltr'><strong>manns</strong></span> <span class='ocrx_word' id='word_1_45' title='bbox 775 1217 836 1268; x_wconf 86' lang='lat' dir='ltr'><strong>toto</strong></span> <span class='ocrx_word' id='word_1_46' title='bbox 859 1211 928 1269; x_wconf 88' lang='lat' dir='ltr'><strong>orbe</strong></span> <span class='ocrx_word' id='word_1_47' title='bbox 946 1211 1125 1272; x_wconf 88' lang='lat' dir='ltr'><strong>celebrantur</strong></span> <span class='ocrx_word' id='word_1_48' title='bbox 1142 1213 1234 1287; x_wconf 91' lang='lat' dir='ltr'><strong>hodie,</strong></span> 
     </span>
     <span class='ocr_line' id='line_1_7' title="bbox 95 1295 1236 1368; baseline 0.005 -16"><span class='ocrx_word' id='word_1_49' title='bbox 95 1328 96 1331; x_wconf 61' lang='lat'><em>=</em></span> <span class='ocrx_word' id='word_1_50' title='bbox 145 1295 232 1354; x_wconf 86' lang='lat' dir='ltr'><strong>offero</strong></span> <span class='ocrx_word' id='word_1_51' title='bbox 250 1297 302 1353; x_wconf 88' lang='lat' dir='ltr'><strong>tibi</strong></span> <span class='ocrx_word' id='word_1_52' title='bbox 319 1296 559 1368; x_wconf 84' lang='lat' dir='ltr'><strong>repraesentanda</strong></span> <span class='ocrx_word' id='word_1_53' title='bbox 576 1305 693 1355; x_wconf 85' lang='lat' dir='ltr'><strong>aeterno</strong></span> <span class='ocrx_word' id='word_1_54' title='bbox 711 1295 792 1352; x_wconf 85' lang='lat' dir='ltr'><strong>Patri</strong></span> <span class='ocrx_word' id='word_1_55' title='bbox 809 1301 870 1366; x_wconf 88' lang='lat' dir='ltr'><strong>tuo,</strong></span> <span class='ocrx_word' id='word_1_56' title='bbox 897 1295 925 1352; x_wconf 91' lang='lat' dir='ltr'><strong>in</strong></span> <span class='ocrx_word' id='word_1_57' title='bbox 943 1298 1047 1353; x_wconf 91' lang='lat' dir='ltr'><strong>unione</strong></span> <span class='ocrx_word' id='word_1_58' title='bbox 1065 1303 1094 1354; x_wconf 92' lang='lat' dir='ltr'><strong>et</strong></span> <span class='ocrx_word' id='word_1_59' title='bbox 1112 1296 1236 1358; x_wconf 85' lang='lat' dir='ltr'><strong>efficacia</strong></span> 
     </span>
     <span class='ocr_line' id='line_1_8' title="bbox 144 1380 1235 1455; baseline 0.005 -19"><span class='ocrx_word' id='word_1_60' title='bbox 144 1380 219 1437; x_wconf 90' lang='lat' dir='ltr'><strong>illius</strong></span> <span class='ocrx_word' id='word_1_61' title='bbox 237 1381 395 1454; x_wconf 89' lang='lat' dir='ltr'><strong>oblationis,</strong></span> <span class='ocrx_word' id='word_1_62' title='bbox 413 1398 470 1453; x_wconf 89' lang='lat' dir='ltr'><strong>qua</strong></span> <span class='ocrx_word' id='word_1_63' title='bbox 486 1382 547 1454; x_wconf 89' lang='lat' dir='ltr'><strong>ipse</strong></span> <span class='ocrx_word' id='word_1_64' title='bbox 564 1383 595 1438; x_wconf 93' lang='lat' dir='ltr'><strong>in</strong></span> <span class='ocrx_word' id='word_1_65' title='bbox 613 1380 703 1439; x_wconf 82' lang='lat' dir='ltr'><strong>Gruee</strong></span> <span class='ocrx_word' id='word_1_66' title='bbox 720 1380 842 1436; x_wconf 89' lang='lat' dir='ltr'><strong>moriens</strong></span> <span class='ocrx_word' id='word_1_67' title='bbox 860 1386 1066 1439; x_wconf 85' lang='lat' dir='ltr'><strong>sacrosanctum</strong></span> <span class='ocrx_word' id='word_1_68' title='bbox 1085 1398 1186 1455; x_wconf 86' lang='lat' dir='ltr'><strong>eorpus</strong></span> <span class='ocrx_word' id='word_1_69' title='bbox 1206 1389 1235 1442; x_wconf 89' lang='lat' dir='ltr'><strong>et</strong></span> 
     </span>
     <span class='ocr_line' id='line_1_9' title="bbox 145 1464 849 1535; baseline 0.003 -14"><span class='ocrx_word' id='word_1_70' title='bbox 145 1467 307 1535; x_wconf 86' lang='lat' dir='ltr'><strong>sanguinem</strong></span> <span class='ocrx_word' id='word_1_71' title='bbox 326 1470 405 1522; x_wconf 89' lang='lat' dir='ltr'><strong>tuum</strong></span> <span class='ocrx_word' id='word_1_72' title='bbox 423 1482 476 1535; x_wconf 90' lang='lat' dir='ltr'><strong>pro</strong></span> <span class='ocrx_word' id='word_1_73' title='bbox 493 1466 590 1523; x_wconf 91' lang='lat' dir='ltr'><strong>mundi</strong></span> <span class='ocrx_word' id='word_1_74' title='bbox 607 1465 698 1523; x_wconf 86' lang='lat' dir='ltr'><strong>salute</strong></span> <span class='ocrx_word' id='word_1_75' title='bbox 715 1464 849 1523; x_wconf 90' lang='lat' dir='ltr'><strong>obtulisti.</strong></span> 
     </span>
    </p>
   </div>
   <div class='ocr_carea' id='block_1_4' title="bbox 146 1582 1291 1750">
    <p class='ocr_par' dir='ltr' id='par_1_4' title="bbox 146 1582 1291 1750">
     <span class='ocr_line' id='line_1_10' title="bbox 230 1582 1236 1657; baseline 0.003 -18"><span class='ocrx_word' id='word_1_76' title='bbox 230 1583 296 1656; x_wconf 85' lang='lat' dir='ltr'><strong>Fac,</strong></span> <span class='ocrx_word' id='word_1_77' title='bbox 322 1588 353 1639; x_wconf 93' lang='lat' dir='ltr'><strong>ut</strong></span> <span class='ocrx_word' id='word_1_78' title='bbox 378 1583 504 1654; x_wconf 77' lang='lat' dir='ltr'><strong>eJ‘usdem</strong></span> <span class='ocrx_word' id='word_1_79' title='bbox 531 1585 661 1655; x_wconf 88' lang='lat' dir='ltr'><strong>corporis</strong></span> <span class='ocrx_word' id='word_1_80' title='bbox 687 1589 715 1640; x_wconf 88' lang='lat' dir='ltr'><strong>et</strong></span> <span class='ocrx_word' id='word_1_81' title='bbox 740 1582 882 1651; x_wconf 77' lang='lat' dir='ltr'><strong>sanguinis</strong></span> <span class='ocrx_word' id='word_1_82' title='bbox 908 1582 950 1639; x_wconf 90' lang='lat' dir='ltr'><strong>tui</strong></span> <span class='ocrx_word' id='word_1_83' title='bbox 974 1582 1089 1654; x_wconf 87' lang='lat' dir='ltr'><strong>oblatio,</strong></span> <span class='ocrx_word' id='word_1_84' title='bbox 1117 1587 1236 1657; x_wconf 85' lang='lat' dir='ltr'><strong>quaein</strong></span> 
     </span>
     <span class='ocr_line' id='line_1_11' title="bbox 146 1665 1291 1750; baseline 0.003 -26"><span class='ocrx_word' id='word_1_85' title='bbox 146 1667 285 1740; x_wconf 77' lang='lat' dir='ltr'><strong>mysterio¹</strong></span> <span class='ocrx_word' id='word_1_86' title='bbox 299 1667 345 1724; x_wconf 88' lang='lat' dir='ltr'><strong>hio</strong></span> <span class='ocrx_word' id='word_1_87' title='bbox 361 1676 525 1740; x_wconf 86' lang='lat' dir='ltr'><strong>renovatur,</strong></span> <span class='ocrx_word' id='word_1_88' title='bbox 543 1675 572 1725; x_wconf 85' lang='lat' dir='ltr'><strong>et</strong></span> <span class='ocrx_word' id='word_1_89' title='bbox 587 1670 737 1725; x_wconf 82' lang='lat' dir='ltr'><strong>incruento</strong></span> <span class='ocrx_word' id='word_1_90' title='bbox 753 1665 838 1724; x_wconf 87' lang='lat' dir='ltr'><strong>modo</strong></span> <span class='ocrx_word' id='word_1_91' title='bbox 856 1665 907 1723; x_wconf 90' lang='lat' dir='ltr'><strong>sub</strong></span> <span class='ocrx_word' id='word_1_92' title='bbox 924 1667 1019 1737; x_wconf 87' lang='lat' dir='ltr'><strong>speeie</strong></span> <span class='ocrx_word' id='word_1_93' title='bbox 1036 1669 1116 1740; x_wconf 85' lang='lat' dir='ltr'><strong>panis</strong></span> <span class='ocrx_word' id='word_1_94' title='bbox 1127 1674 1164 1750; x_wconf 81' lang='lat' dir='ltr'><strong>¹et</strong></span> <span class='ocrx_word' id='word_1_95' title='bbox 1177 1670 1236 1727; x_wconf 85' lang='lat' dir='ltr'><strong>vini</strong></span> <span class='ocrx_word' id='word_1_96' title='bbox 1289 1704 1291 1712; x_wconf 50' lang='grc' dir='ltr'><strong><em>ι</em></strong></span> 
     </span>
    </p>
   </div>
   <div class='ocr_carea' id='block_1_5' title="bbox 62 1751 1234 1825">
    <p class='ocr_par' dir='ltr' id='par_1_5' title="bbox 62 1751 1234 1825">
     <span class='ocr_line' id='line_1_12' title="bbox 62 1751 1234 1825; baseline 0.004 -18"><span class='ocrx_word' id='word_1_97' title='bbox 62 1801 63 1807; x_wconf 74' lang='grc'>,</span> <span class='ocrx_word' id='word_1_98' title='bbox 148 1753 303 1823; x_wconf 81' lang='lat' dir='ltr'><strong>peragitur,</strong></span> <span class='ocrx_word' id='word_1_99' title='bbox 321 1752 444 1808; x_wconf 84' lang='lat' dir='ltr'><strong>fructum</strong></span> <span class='ocrx_word' id='word_1_100' title='bbox 462 1768 541 1809; x_wconf 90' lang='lat' dir='ltr'><strong>suum</strong></span> <span class='ocrx_word' id='word_1_101' title='bbox 560 1751 715 1810; x_wconf 81' lang='lat' dir='ltr'><strong>efficaciter</strong></span> <span class='ocrx_word' id='word_1_102' title='bbox 731 1751 869 1809; x_wconf 86' lang='lat' dir='ltr'><strong>obtineat:</strong></span> <span class='ocrx_word' id='word_1_103' title='bbox 898 1756 931 1808; x_wconf 89' lang='lat' dir='ltr'><strong>ut</strong></span> <span class='ocrx_word' id='word_1_104' title='bbox 946 1751 1003 1808; x_wconf 84' lang='lat' dir='ltr'><strong>vivi</strong></span> <span class='ocrx_word' id='word_1_105' title='bbox 1019 1753 1087 1811; x_wconf 91' lang='lat' dir='ltr'><strong>inde</strong></span> <span class='ocrx_word' id='word_1_106' title='bbox 1104 1755 1234 1825; x_wconf 85' lang='lat' dir='ltr'><strong>gratiam,</strong></span> 
     </span>
    </p>
   </div>
   <div class='ocr_carea' id='block_1_6' title="bbox 147 1833 1235 1993">
    <p class='ocr_par' dir='ltr' id='par_1_6' title="bbox 147 1833 1235 1993">
     <span class='ocr_line' id='line_1_13' title="bbox 147 1833 1235 1909; baseline 0.003 -17"><span class='ocrx_word' id='word_1_107' title='bbox 147 1834 272 1894; x_wconf 80' lang='lat' dir='ltr'><strong>defuncti</strong></span> <span class='ocrx_word' id='word_1_108' title='bbox 289 1837 424 1908; x_wconf 87' lang='lat' dir='ltr'><strong>requiem,</strong></span> <span class='ocrx_word' id='word_1_109' title='bbox 442 1838 471 1906; x_wconf 87' lang='lat' dir='ltr'><strong>ii,</strong></span> <span class='ocrx_word' id='word_1_110' title='bbox 490 1852 542 1909; x_wconf 92' lang='lat' dir='ltr'><strong>pro</strong></span> <span class='ocrx_word' id='word_1_111' title='bbox 561 1837 660 1908; x_wconf 86' lang='lat' dir='ltr'><strong>quibus</strong></span> <span class='ocrx_word' id='word_1_112' title='bbox 680 1833 847 1893; x_wconf 81' lang='lat' dir='ltr'><strong>sacrificium</strong></span> <span class='ocrx_word' id='word_1_113' title='bbox 865 1834 990 1909; x_wconf 82' lang='lat' dir='ltr'><strong>offertur,</strong></span> <span class='ocrx_word' id='word_1_114' title='bbox 1011 1838 1235 1902; x_wconf 77' lang='lat' dir='ltr'><strong>misericordiam</strong></span> 
     </span>
     <span class='ocr_line' id='line_1_14' title="bbox 147 1922 1038 1993; baseline -0.001 -16"><span class='ocrx_word' id='word_1_115' title='bbox 147 1937 180 1978; x_wconf 88' lang='lat' dir='ltr'><strong>ao</strong></span> <span class='ocrx_word' id='word_1_116' title='bbox 198 1922 283 1977; x_wconf 80' lang='lat' dir='ltr'><strong>vitam</strong></span> <span class='ocrx_word' id='word_1_117' title='bbox 302 1927 510 1993; x_wconf 84' lang='lat' dir='ltr'><strong>consequantur</strong></span> <span class='ocrx_word' id='word_1_118' title='bbox 527 1928 682 1979; x_wconf 84' lang='lat' dir='ltr'><strong>aeternam.</strong></span> <span class='ocrx_word' id='word_1_119' title='bbox 1037 1944 1038 1947; x_wconf 38' lang='lat'>¹</span> 
     </span>
    </p>
   </div>
   <div class='ocr_carea' id='block_1_7' title="bbox 144 2029 1235 2364">
    <p class='ocr_par' dir='ltr' id='par_1_7' title="bbox 144 2029 1235 2364">
     <span class='ocr_line' id='line_1_15' title="bbox 229 2029 1234 2111; baseline 0.002 -16"><span class='ocrx_word' id='word_1_120' title='bbox 229 2038 272 2095; x_wconf 88' lang='lat' dir='ltr'><strong>Sit</strong></span> <span class='ocrx_word' id='word_1_121' title='bbox 288 2029 364 2095; x_wconf 83' lang='lat' dir='ltr'><strong>idem</strong></span> <span class='ocrx_word' id='word_1_122' title='bbox 381 2035 558 2111; x_wconf 82' lang='lat' dir='ltr'><strong>sacrificium,</strong></span> <span class='ocrx_word' id='word_1_123' title='bbox 577 2037 651 2110; x_wconf 91' lang='lat' dir='ltr'><strong>quod</strong></span> <span class='ocrx_word' id='word_1_124' title='bbox 668 2035 789 2096; x_wconf 84' lang='lat' dir='ltr'><strong>fructum</strong></span> <span class='ocrx_word' id='word_1_125' title='bbox 807 2039 943 2109; x_wconf 88' lang='lat' dir='ltr'><strong>passionis</strong></span> <span class='ocrx_word' id='word_1_126' title='bbox 962 2044 991 2097; x_wconf 88' lang='lat' dir='ltr'><strong>et</strong></span> <span class='ocrx_word' id='word_1_127' title='bbox 1007 2041 1106 2098; x_wconf 86' lang='lat' dir='ltr'><strong>mortis</strong></span> <span class='ocrx_word' id='word_1_128' title='bbox 1123 2046 1190 2099; x_wconf 90' lang='lat' dir='ltr'><strong>tuae</strong></span> <span class='ocrx_word' id='word_1_129' title='bbox 1204 2042 1234 2097; x_wconf 94' lang='lat' dir='ltr'><strong>in</strong></span> 
     </span>
     <span class='ocr_line' id='line_1_16' title="bbox 145 2120 1234 2195; baseline 0.002 -15"><span class='ocrx_word' id='word_1_130' title='bbox 145 2139 175 2180; x_wconf 86' lang='lat' dir='ltr'><strong>se</strong></span> <span class='ocrx_word' id='word_1_131' title='bbox 193 2123 325 2192; x_wconf 86' lang='lat' dir='ltr'><strong>continet,</strong></span> <span class='ocrx_word' id='word_1_132' title='bbox 353 2138 406 2195; x_wconf 91' lang='lat' dir='ltr'><strong>pro</strong></span> <span class='ocrx_word' id='word_1_133' title='bbox 432 2123 588 2180; x_wconf 88' lang='lat' dir='ltr'><strong>innumeris</strong></span> <span class='ocrx_word' id='word_1_134' title='bbox 606 2120 749 2179; x_wconf 87' lang='lat' dir='ltr'><strong>benefieiis</strong></span> <span class='ocrx_word' id='word_1_135' title='bbox 766 2123 822 2179; x_wconf 90' lang='lat' dir='ltr'><strong>tuis</strong></span> <span class='ocrx_word' id='word_1_136' title='bbox 840 2124 870 2178; x_wconf 91' lang='lat' dir='ltr'><strong>in</strong></span> <span class='ocrx_word' id='word_1_137' title='bbox 886 2139 937 2181; x_wconf 90' lang='lat' dir='ltr'><strong>nos</strong></span> <span class='ocrx_word' id='word_1_138' title='bbox 955 2123 1063 2180; x_wconf 86' lang='lat' dir='ltr'><strong>oollatis</strong></span> <span class='ocrx_word' id='word_1_139' title='bbox 1080 2126 1234 2194; x_wconf 84' lang='lat' dir='ltr'><strong>gratiarum</strong></span> 
     </span>
     <span class='ocr_line' id='line_1_17' title="bbox 146 2204 1235 2280; baseline 0.003 -17"><span class='ocrx_word' id='word_1_140' title='bbox 146 2207 227 2279; x_wconf 84' lang='lat' dir='ltr'><strong>aetio,</strong></span> <span class='ocrx_word' id='word_1_141' title='bbox 245 2223 297 2278; x_wconf 89' lang='lat' dir='ltr'><strong>pro</strong></span> <span class='ocrx_word' id='word_1_142' title='bbox 316 2206 432 2264; x_wconf 86' lang='lat' dir='ltr'><strong>infinitis</strong></span> <span class='ocrx_word' id='word_1_143' title='bbox 449 2208 574 2278; x_wconf 83' lang='lat' dir='ltr'><strong>peccatis</strong></span> <span class='ocrx_word' id='word_1_144' title='bbox 592 2207 755 2275; x_wconf 81' lang='lat' dir='ltr'><strong>commissis,</strong></span> <span class='ocrx_word' id='word_1_145' title='bbox 777 2204 856 2264; x_wconf 90' lang='lat' dir='ltr'><strong>bonis</strong></span> <span class='ocrx_word' id='word_1_146' title='bbox 873 2208 981 2264; x_wconf 89' lang='lat' dir='ltr'><strong>omissis</strong></span> <span class='ocrx_word' id='word_1_147' title='bbox 998 2209 1151 2280; x_wconf 86' lang='lat' dir='ltr'><strong>poenisque</strong></span> <span class='ocrx_word' id='word_1_148' title='bbox 1168 2225 1235 2280; x_wconf 89' lang='lat' dir='ltr'><strong>pro-</strong></span> 
     </span>
     <span class='ocr_line' id='line_1_18' title="bbox 144 2290 1233 2364; baseline 0.005 -17"><span class='ocrx_word' id='word_1_149' title='bbox 144 2292 252 2349; x_wconf 89' lang='lat' dir='ltr'><strong>meritis</strong></span> <span class='ocrx_word' id='word_1_150' title='bbox 269 2293 435 2363; x_wconf 86' lang='lat' dir='ltr'><strong>propitiatio</strong></span> <span class='ocrx_word' id='word_1_151' title='bbox 454 2298 483 2349; x_wconf 88' lang='lat' dir='ltr'><strong>et</strong></span> <span class='ocrx_word' id='word_1_152' title='bbox 500 2290 656 2352; x_wconf 85' lang='lat' dir='ltr'><strong>satisiaotio</strong></span> <span class='ocrx_word' id='word_1_153' title='bbox 666 2291 814 2348; x_wconf 79' lang='lat' dir='ltr'><strong>salutaris.</strong></span> <span class='ocrx_word' id='word_1_154' title='bbox 859 2290 913 2362; x_wconf 82' lang='lat' dir='ltr'><strong>Qui</strong></span> <span class='ocrx_word' id='word_1_155' title='bbox 930 2291 1000 2349; x_wconf 89' lang='lat' dir='ltr'><strong>vivis</strong></span> <span class='ocrx_word' id='word_1_156' title='bbox 1018 2299 1047 2350; x_wconf 96' lang='lat' dir='ltr'><strong>et</strong></span> <span class='ocrx_word' id='word_1_157' title='bbox 1064 2309 1165 2364; x_wconf 86' lang='lat' dir='ltr'><strong>regnas</strong></span> <span class='ocrx_word' id='word_1_158' title='bbox 1182 2303 1233 2354; x_wconf 82' lang='lat' dir='ltr'><strong>ete</strong></span> 
     </span>
    </p>
   </div>
   <div class='ocr_carea' id='block_1_8' title="bbox 187 2822 1218 2987">
    <p class='ocr_par' dir='ltr' id='par_1_8' title="bbox 187 2822 1218 2987">
     <span class='ocr_line' id='line_1_19' title="bbox 187 2822 1214 2910; baseline 0 -22"><span class='ocrx_word' id='word_1_159' title='bbox 187 2841 244 2901; x_wconf 80' lang='lat'><strong>139,</strong></span> <span class='ocrx_word' id='word_1_160' title='bbox 267 2834 292 2893; x_wconf 88' lang='lat'><strong>1.</strong></span> <span class='ocrx_word' id='word_1_161' title='bbox 316 2822 405 2896; x_wconf 54' lang='lat' dir='ltr'><strong>&amp;bv</strong></span> <span class='ocrx_word' id='word_1_162' title='bbox 426 2831 454 2888; x_wconf 78' lang='lat' dir='ltr'><strong>lo</strong></span> <span class='ocrx_word' id='word_1_163' title='bbox 472 2860 484 2873; x_wconf 93' lang='lat'><strong>·</strong></span> <span class='ocrx_word' id='word_1_164' title='bbox 501 2836 561 2886; x_wconf 91' lang='lat' dir='ltr'><strong>tum</strong></span> <span class='ocrx_word' id='word_1_165' title='bbox 579 2829 713 2899; x_wconf 85' lang='lat' dir='ltr'><strong>hoe-oe,</strong></span> <span class='ocrx_word' id='word_1_166' title='bbox 760 2829 804 2886; x_wconf 90' lang='lat' dir='ltr'><strong>De</strong></span> <span class='ocrx_word' id='word_1_167' title='bbox 842 2860 855 2910; x_wconf 62' lang='lat' dir='ltr'>f</span> <span class='ocrx_word' id='word_1_168' title='bbox 894 2847 936 2903; x_wconf 92' lang='lat' dir='ltr'><strong>us,</strong></span> <span class='ocrx_word' id='word_1_169' title='bbox 979 2829 1030 2889; x_wconf 84' lang='lat' dir='ltr'><strong>Cle</strong></span> <span class='ocrx_word' id='word_1_170' title='bbox 1047 2861 1059 2875; x_wconf 95' lang='lat'>·</span> <span class='ocrx_word' id='word_1_171' title='bbox 1077 2832 1214 2889; x_wconf 79' lang='lat' dir='ltr'><strong>meu-ter</strong></span> 
     </span>
     <span class='ocr_line' id='line_1_20' title="bbox 265 2914 1218 2987; baseline 0.001 -15"><span class='ocrx_word' id='word_1_172' title='bbox 265 2918 292 2976; x_wconf 80' lang='lat'><strong>2.</strong></span> <span class='ocrx_word' id='word_1_173' title='bbox 311 2916 379 2986; x_wconf 89' lang='lat' dir='ltr'><strong>Nos,</strong></span> <span class='ocrx_word' id='word_1_174' title='bbox 418 2916 462 2973; x_wconf 81' lang='lat' dir='ltr'><strong>me</strong></span> <span class='ocrx_word' id='word_1_175' title='bbox 480 2944 493 2958; x_wconf 94' lang='lat'><em>-</em></span> <span class='ocrx_word' id='word_1_176' title='bbox 510 2930 557 2971; x_wconf 92' lang='lat' dir='ltr'><strong>mo</strong></span> <span class='ocrx_word' id='word_1_177' title='bbox 572 2931 638 2973; x_wconf 89' lang='lat' dir='ltr'><strong>·res</strong></span> <span class='ocrx_word' id='word_1_178' title='bbox 668 2931 721 2972; x_wconf 87' lang='lat' dir='ltr'><strong>eon</strong></span> <span class='ocrx_word' id='word_1_179' title='bbox 738 2943 750 2956; x_wconf 93' lang='lat'>·</span> <span class='ocrx_word' id='word_1_180' title='bbox 765 2914 803 2970; x_wconf 88' lang='lat' dir='ltr'><strong>tri</strong></span> <span class='ocrx_word' id='word_1_181' title='bbox 842 2942 855 2958; x_wconf 94' lang='lat'><strong>·</strong></span> <span class='ocrx_word' id='word_1_182' title='bbox 898 2917 938 2971; x_wconf 82' lang='lat' dir='ltr'><strong>ti·</strong></span> <span class='ocrx_word' id='word_1_183' title='bbox 973 2915 1052 2984; x_wconf 77' lang='lat' dir='ltr'><strong>Quae</strong></span> <span class='ocrx_word' id='word_1_184' title='bbox 1091 2933 1218 2987; x_wconf 83' lang='lat' dir='ltr'><strong>pas-sus</strong></span> 
     </span>
    </p>
   </div>
   <div class='ocr_carea' id='block_1_9' title="bbox 202 3906 1344 4066">
    <p class='ocr_par' dir='ltr' id='par_1_9' title="bbox 202 3906 1344 4066">
     <span class='ocr_line' id='line_1_21' title="bbox 204 3906 1344 3985; baseline 0 -18"><span class='ocrx_word' id='word_1_185' title='bbox 204 3910 473 3983; x_wconf 78' lang='lat' dir='ltr'><strong>l.sr&#39;1s-ci-pe;</strong></span> <span class='ocrx_word' id='word_1_186' title='bbox 538 3906 619 3977; x_wconf 77' lang='lat' dir='ltr'><strong>Quod</strong></span> <span class='ocrx_word' id='word_1_187' title='bbox 639 3908 936 3980; x_wconf 75' lang='lat' dir='ltr'><strong>de·pre·ca·tur</strong></span> <span class='ocrx_word' id='word_1_188' title='bbox 977 3925 1043 3967; x_wconf 89' lang='lat' dir='ltr'><strong>re·</strong></span> <span class='ocrx_word' id='word_1_189' title='bbox 1073 3926 1114 3982; x_wconf 91' lang='lat' dir='ltr'><strong>us,</strong></span> <span class='ocrx_word' id='word_1_190' title='bbox 1153 3911 1196 3967; x_wconf 85' lang='lat' dir='ltr'><strong>Tu</strong></span> <span class='ocrx_word' id='word_1_191' title='bbox 1343 3982 1344 3985; x_wconf 7' lang='grc' dir='ltr'><strong>Ἴ</strong></span> 
     </span>
     <span class='ocr_line' id='line_1_22' title="bbox 202 3992 1315 4066; baseline 0 -14"><span class='ocrx_word' id='word_1_192' title='bbox 202 3997 228 4055; x_wconf 78' lang='lat'><strong>2.</strong></span> <span class='ocrx_word' id='word_1_193' title='bbox 251 3996 477 4066; x_wconf 69' lang='lat' dir='ltr'><strong>Domi-nus,</strong></span> <span class='ocrx_word' id='word_1_194' title='bbox 549 3993 851 4051; x_wconf 80' lang='lat' dir='ltr'><strong>San-cto·rumuee</strong></span> <span class='ocrx_word' id='word_1_195' title='bbox 892 3992 928 4050; x_wconf 94' lang='lat' dir='ltr'><strong>ob</strong></span> <span class='ocrx_word' id='word_1_196' title='bbox 950 3993 1004 4049; x_wconf 91' lang='lat' dir='ltr'><strong>-li</strong></span> <span class='ocrx_word' id='word_1_197' title='bbox 1034 4024 1046 4036; x_wconf 94' lang='lat'>-</span> <span class='ocrx_word' id='word_1_198' title='bbox 1077 3996 1107 4064; x_wconf 89' lang='lat' dir='ltr'><strong>ti,</strong></span> <span class='ocrx_word' id='word_1_199' title='bbox 1139 3994 1212 4063; x_wconf 78' lang='lat' dir='ltr'><strong>Quos</strong></span> <span class='ocrx_word' id='word_1_200' title='bbox 1312 4022 1315 4028; x_wconf 93' lang='lat'><em>·</em></span> 
     </span>
    </p>
   </div>
   <div class='ocr_carea' id='block_1_10' title="bbox 197 4423 479 4492">
    <p class='ocr_par' dir='ltr' id='par_1_10' title="bbox 197 4423 479 4492">
     <span class='ocr_line' id='line_1_23' title="bbox 197 4423 479 4492; baseline -0.011 -7"><span class='ocrx_word' id='word_1_201' title='bbox 197 4445 277 4492; x_wconf 72' lang='lat' dir='ltr'><strong>Mein,</strong></span> <span class='ocrx_word' id='word_1_202' title='bbox 291 4423 395 4485; x_wconf 74' lang='lat' dir='ltr'><strong>Oontlonee</strong></span> <span class='ocrx_word' id='word_1_203' title='bbox 407 4454 479 4483; x_wconf 79' lang='lat' dir='ltr'><strong>sacrae.</strong></span> 
     </span>
    </p>
   </div>
   <div class='ocr_carea' id='block_1_11' title="bbox 0 0 1370 4741">
    <p class='ocr_par' dir='ltr' id='par_1_11' title="bbox 0 0 1370 4741">
     <span class='ocr_line' id='line_1_24' title="bbox 0 0 1370 4741; baseline 0 0"><span class='ocrx_word' id='word_1_204' title='bbox 0 0 1370 4741; x_wconf 95' lang='lat' dir='ltr'><strong> </strong></span> 
     </span>
    </p>
   </div>
  </div>
 </body>
</html>
