2730 4748
167 1004 1048 1078 1.di·otisNos⁵inju-dI·oi·,o.”

164 1099 193 1156 2.
237 1093 333 1152 cen·
376 1097 404 1148 te
473 1089 518 1148 Ad
560 1090 663 1148 coe-li
722 1094 919 1164 prae-mi·
968 1111 994 1153 a.

578 1201 754 1306 III
842 1206 901 1308 Γ

144 1204 1201 1544 &affl

563 1480 567 1536 Ι

410 1607 513 1708 XIII
561 1601 617 1705 Xe
642 1603 747 1701 luta
769 1595 898 1692 ffltraaa

196 1752 278 1821 Ecce,
302 1766 318 1807 o
336 1749 424 1806 Pater
442 1750 567 1814 aeterne,
590 1749 716 1802 mactata
729 1746 790 1817 jam
809 1754 852 1805 est
869 1749 969 1807 salutis
986 1750 1089 1819 hostia,
1115 1767 1200 1822 qnam

36 1832 38 1835 ’
110 1845 143 1896 tu
160 1837 197 1895 de
213 1836 299 1895 coelis
316 1833 417 1892 misisti
434 1831 464 1887 in
481 1835 597 1886 terram.
636 1829 755 1887 Placeat
772 1829 832 1904 tibi,
858 1848 974 1904 quaeso,
996 1835 1070 1906 'qnia
1093 1834 1140 1892 hic
1157 1842 1200 1893 cst

112 1921 273 1994 ipseFilius
290 1926 362 1987 tuus,
381 1918 485 1987 inquo
503 1912 555 1970 tibi
572 1913 645 1971 bene
663 1916 866 1986 complacuisti.
894 1916 970 1990 Agat
986 1935 1068 1988 nunc,
1086 1935 1201 1991 quaeso,

111 2004 235 2064 officium
258 1997 424 2079 mediatoris
447 2005 476 2057 et
501 1995 639 2068 advocati,
665 1997 714 2055 ubi
736 1999 817 2056 sedet
840 2001 876 2059 ad
894 2000 1041 2060 dexteram
1058 2007 1144 2075 tram,
1171 2008 1200 2060 et

23 2074 32 2081 ''
111 2089 277 2161 interpellat
304 2103 356 2159 pro
382 2084 472 2142 nobis.
515 2082 662 2140 Memento
693 2085 784 2140 omnis
809 2086 977 2156 patientiae,
1010 2088 1139 2145 caritatis
1173 2093 1202 2145 et

111 2166 336 2233 mansuetudinis
362 2170 438 2241 ejus,
465 2173 495 2226 et
519 2181 564 2223 me
591 2172 721 2225 orantem
751 2168 781 2225 in
807 2171 919 2226 nomine
944 2169 1040 2228 dilecti
1066 2171 1134 2228 Filii
1160 2172 1202 2229 tui

113 2257 248 2317 exaudire
274 2255 406 2327 digneris,
433 2253 500 2324 quia
521 2250 581 2321 ipse
604 2250 692 2307 dixit:
722 2250 753 2309 Si
779 2253 846 2323 quid
873 2255 1013 2325 petieritis
1030 2254 1145 2312 Patrem
1171 2257 1201 2312 in

112 2344 227 2401 nomine
249 2332 322 2412 meo,
347 2338 427 2396 dabit
449 2334 536 2394 vobis.
567 2335 631 2392 Hoc
654 2352 741 2394 unum
759 2342 834 2408 peto,
860 2337 996 2395 Domine:
1019 2339 1133 2410 placeat
1150 2339 1201 2397 tibi

112 2426 167 2484 hoc
187 2423 355 2484 sacrificium
380 2420 417 2480 ad
442 2420 581 2490 majorem
601 2418 722 2490 gloriam
745 2421 867 2480 nominis
888 2423 938 2495 tui,
964 2424 1055 2493 prosit
1078 2423 1147 2480 mibi
1172 2429 1202 2481 et

110 2509 240 2570 fidelibus
256 2510 312 2565 tuis
329 2508 399 2565 vivis
417 2512 447 2564 et
463 2502 602 2561 defunctis
620 2502 657 2561 ad
674 2504 794 2571 salutem
810 2512 966 2565 aeternam.
1000 2507 1099 2566 Amen.

467 2785 595 2904 diiiifo
612 2763 776 2906 ptioato
792 2797 851 2889 Π.

162 2963 253 3161 Oti
430 2970 459 3051 Ι.
511 2969 568 3069 Ji
593 2970 715 3054 Initium
741 2970 883 3072 ffliarat.

163 3190 204 3269 bii

167 3112 171 3129 “
220 3129 248 3138 ’·
279 3112 365 3168 Pater
383 3114 510 3184 aeterne,
527 3113 576 3184 qui
594 3112 633 3170 sic
650 3111 772 3169 dilexisti
788 3111 932 3186 mundum,
954 3118 986 3170 ut
1001 3113 1104 3173 Filium
1122 3120 1202 3173 tuum

106 3255 113 3273 ,
161 3255 170 3295 3
206 3139 255 3222 ᾖ
262 3195 436 3266 unigenitum
455 3193 536 3253 dares
552 3212 606 3267 pro
623 3194 818 3266 redemptione
835 3202 940 3269 nostra,
963 3198 1030 3268 quid
1050 3216 1103 3271 pro
1122 3206 1201 3257 tanto

147 3280 153 3305 ⁴
186 3293 206 3313 ·
262 3295 379 3337 niunere
397 3283 426 3337 et
442 3294 538 3337 amore
555 3280 607 3338 tibi
623 3278 798 3338 retribuam?
814 3279 890 3339 Ecce
907 3283 999 3353 ipsum
1010 3283 1112 3340 Filium
1124 3290 1202 3341 tuum

163 3366 173 3386 ’
261 3364 445 3435 unigenitum,
464 3378 519 3435 qno
537 3364 608 3421 nibil
625 3362 678 3421 tibi
695 3364 795 3434 carius,
814 3364 884 3422 nihil
900 3360 983 3424 nobis
1002 3364 1167 3437 pretiosius!

347 3448 370 3504 0
389 3452 458 3519 quot
474 3448 609 3519 suspiriis,
628 3463 712 3521 qnam
738 3446 904 3507 ardentibus
929 3451 1000 3509 votis
1026 3449 1202 3509 desideratus

262 3530 323 3604 ipse
347 3532 401 3589 luit
425 3548 443 3589 a
465 3533 570 3589 cunctis
593 3533 736 3603 gentibus!
769 3531 860 3603 quoad
881 3534 996 3591 tandem
1018 3535 1117 3591 missus
1140 3542 1202 3594 ate

114 3617 234 3674 formam
261 3617 335 3673 servi
361 3616 470 3686 accepit
497 3621 540 3688 et,
566 3617 798 3674 mortalicarnis
824 3619 1057 3675 nostrae‘tunica
1081 3619 1202 3688 indutus,

113 3705 292 3774 majestatem
311 3700 431 3757 Deitatis
450 3700 566 3773 obtexit,
588 3700 679 3772 deque
696 3700 822 3771 Virginis
839 3706 921 3760 utero
938 3703 969 3759 in
986 3703 1119 3760 mundum
1137 3719 1203 3774 pro·

115 3788 168 3844 diit
185 3791 221 3858 et,
238 3785 291 3843 tibi
307 3785 397 3842 faetus
412 3785 544 3844 obediens
557 3785 645 3856 usqiie
661 3783 699 3842 ad
713 3791 842 3855 mortem,
860 3802 911 3844 nos
930 3787 965 3844 ab
983 3793 1100 3863 aeterna
1110 3792 1203 3846 morte

114 3871 235 3930 redemit
597 3920 599 3928 i
778 3898 781 3907 ·

199 3954 281 4025 Ecce,
309 3954 438 4026 Domine,
464 3958 523 4010 tarn
549 3953 702 4010 immensae
729 3954 854 4011 caritatis
883 3969 954 4024 opus
977 3956 1007 4011 in
1028 3954 1083 4012 hoc
1099 3954 1203 4013 Missae

115 4038 252 4098 sacrificio
275 4039 316 4094 im
330 4044 408 4096 tuam
427 4037 546 4108 gloriam
567 4043 595 4094 et
616 4037 680 4095 Filii
701 4038 742 4094 tui
766 4038 937 4103 ,memoriam
962 4038 1088 4097 recolere
1111 4040 1203 4109 cupio.

115 4126 168 4196 Tu,
194 4139 306 4196 quaeso,
323 4122 452 4194 Domine,
469 4121 581 4192 posside
599 4137 633 4179 ac
649 4138 718 4194 rege
735 4137 892 4192 cormeum
911 4123 1003 4192 gratia
1019 4126 1077 4191 tua,
1101 4127 1131 4180 ut
1148 4125 1204 4196 pie,

114 4209 246 4279 religiose
264 4224 298 4265 ac
315 4206 450 4264 decenter
466 4204 495 4262 id
514 4204 623 4276 faciam,
640 4205 801 4278 utplacoat
813 4204 866 4263 tibi
884 4205 1047 4280 obsequium
1065 4223 1157 4264 meum
1175 4214 1205 4264 et

115 4292 205 4368 prosit
222 4293 333 4350 animae
350 4306 441 4348 meae.
485 4289 587 4348 Amen.
1033 4286 1036 4299 ⁴

132 2980 195 3082 al
