2722 4740
192 1848 383 1920 Omnipotens,
410 1848 584 1919 sempiterne
611 1847 702 1920 Deus,
730 1855 759 1905 te
787 1847 952 1920 suppliciter
979 1866 1141 1923 exoramus,
1167 1858 1199 1910 ut

109 1935 252 2005 respicere
269 1933 393 2004 digneris
412 1932 448 1991 de
465 1932 576 1990 excelso
595 1935 759 1992 sanctuario
777 1937 825 1990 tuo
843 1949 929 2004 super
952 1937 1198 2007 congregationem

109 2027 244 2088 nostram,
271 2017 475 2090 Ecclesiaeque
492 2022 558 2075 tuae
573 2033 675 2089 preces
692 2032 744 2089 pro
762 2016 844 2075 nobis
861 2017 989 2095 omnibns
1007 2019 1043 2077 ad
1061 2025 1090 2077 te
1107 2036 1200 2078 sacer-

110 2103 183 2162 dotis
207 2103 250 2161 tui
280 2103 438 2160 ministerio
470 2100 626 2159 destinatas
653 2100 809 2159 clementer
844 2107 975 2173 acceptes
1002 2109 1030 2161 et
1058 2103 1198 2164 exaudias.

110 2187 237 2261 Ideoque
254 2203 307 2259 pro
324 2188 463 2245 immensa
484 2191 535 2244 tua
552 2185 749 2243 misericordia
765 2186 895 2256 largiaris
916 2187 998 2245 nobis
1021 2195 1201 2259 peccatorum
1260 2229 1263 2235 -
1348 2266 1350 2276 J

110 2280 271 2333 noseorum
292 2272 412 2344 veniam,
443 2270 636 2342 iutegritatem
663 2271 775 2339 mentis,
808 2270 1032 2331 incolumitatem
1064 2273 1200 2346 corporis,

110 2359 296 2420 necessariam
320 2357 397 2436 vitae
418 2355 664 2439 sustentationem,
690 2357 788 2427 pacem
814 2355 846 2411 iu.
864 2354 961 2414 diebus
978 2357 1102 2429 nostris,
1128 2359 1202 2417 aeris
1275 2419 1276 2424 ,

110 2443 286 2519 temperiem,
311 2441 486 2500 fertilitatem
504 2446 608 2511 terrae,
634 2437 796 2497 Catholicae
812 2436 878 2497 fidei
894 2441 1040 2511 unitatem,
1063 2443 1203 2514 exstirpa·

110 2530 214 2587 tionem
243 2526 367 2584 omnium
393 2525 552 2588 haeresum.
589 2523 768 2582 consiliorum
793 2524 944 2596 impiorum
969 2525 1203 2600 destructionem,

110 2629 196 2672 verae
222 2610 451 2682 orthodoxaeque
475 2609 621 2680 religionis
638 2609 855 2677 incrementum,
882 2610 1011 2668 caritatis
1034 2627 1068 2668 ac
1090 2608 1206 2683 pietatis

110 2696 262 2766 fervorem,
279 2697 419 2754 sinceram
437 2694 524 2751 enimi
542 2692 728 2763 devotionem,
746 2694 1205 2766 tolerantiam-longanimitatem-

114 2782 215 2856 quein
233 2777 444 2852 afflictionibus,
470 2778 500 2835 iu
518 2794 568 2849 spe
585 2777 719 2850 gaudium
743 2782 773 2836 et
788 2777 944 2850 laetitiam3
970 2781 1067 2837 omnia
1084 2779 1206 2851 denique

114 2866 151 2925 ed
173 2866 293 2924 salutem
315 2880 378 2921 cum
403 2863 517 2921 animae
533 2868 593 2919 tum
613 2863 740 2934 corporis
761 2862 848 2932 utilia,
880 2868 909 2920 et
926 2864 962 2922 ad
982 2870 1049 2922 tuae
1065 2865 1205 2936 imprimis
1229 2873 1232 2879 “

115 2951 222 3022 gloriae
240 2953 421 3020 augmentum
438 2947 549 3005 idonea.
576 2946 792 3005 PerDeminum
809 2948 1043 3006 nostrumJesum
1054 2945 1206 3016 Christum,

114 3036 215 3094 lilium
236 3039 324 3102 tuum,
352 3035 400 3104 qui
420 3037 513 3090 tecum
535 3032 604 3090 vivit
627 3036 655 3089 et
671 3036 771 3102 regnat
794 3031 951 3104 in'unitate
968 3030 1089 3104 Spiritus
1107 3035 1206 3106 sancti,

90 3119 192 3178 'Deus
214 3124 268 3177 etc.
303 3117 400 3176 Amen.
1024 3148 1027 3154 ·

149 3536 303 3748 aa

149 3701 210 3915 luisti.
226 3844 252 3900 1·
270 3833 314 3908 Θ·
349 3843 450 3906 Je·su
475 3857 608 3900 ve-ra·
631 3837 968 3925 cis-si·me!cre-d0
997 3841 1027 3897 in
1062 3846 1091 3898 to
1150 3839 1198 3898 fir.

122 3921 199 4072 l,
349 3921 381 4025 i
615 3921 811 3997 ι

442 3280 503 3360 IV·
554 3276 611 3378 Ji
627 3271 803 3381 lpieioloo
820 3291 874 3362 stt.

386 3398 498 3462 (Actus
515 3388 616 3457 Fidei,
635 3397 709 3459 Spei
726 3401 759 3449 et
776 3397 943 3462 Caritatis.)
1054 3369 1058 3374 ἱ
1087 3403 1093 3416 “

344 4349 381 4409 Je
395 4365 452 4406 ·su
485 4348 524 4405 mi
546 4347 620 4405 dul·
640 4345 732 4404 cis-si
749 4376 762 4389 ·
779 4347 835 4405 me!
855 4346 896 4404 Te
945 4362 1044 4403 a·mo
1072 4362 1126 4404 er·
1143 4345 1216 4404 deu·

621 4450 632 4468 l
937 4448 944 4452 '
1015 4442 1064 4494 23*
