2722 4740
83 235 85 237 ¹
166 220 229 285 344
460 236 486 279 V.
514 237 593 278 cantra
607 240 626 276 et
640 237 710 277 Preces
723 239 748 277 ιιι
761 239 840 279 tussam
855 241 960 287 privatam.

522 389 564 471 V.
615 388 672 490 Jt
699 384 900 491 ιιιιιιιιιιιιιι.

162 559 166 565 .
240 515 380 585 ·Suscipe,
416 521 512 571 sancte
543 511 645 580 Pater,
679 509 797 572 aeterne
819 514 907 587 Deus,
940 531 975 574 ex
1006 516 1133 579 manibus
1163 533 1262 574 sacer·

167 601 247 663 dotis,
272 599 346 672 quod
363 599 499 655 nominit
487 604 536 654 tuo
551 599 613 668 jam
629 613 833 670 praeparamus
852 604 881 657 et
898 599 948 656 sub
967 600 1111 670 speciebus
1129 603 1213 674 panis
1232 608 1263 660 et

166 686 225 743 vini
250 700 316 741 mox
345 684 471 741 immolat
459 683 515 740 turi
534 699 627 738 sumus
645 681 815 739 sacrificium
832 685 960 781 corporis
979 691 1007 742 ct
1025 685 1169 755 sanguinis
1190 686 1263 744 dile

167 768 387 828 ctissimiFiliit
375 768 425 840 tui,
442 768 594 824 servatoris
605 768 701 824 nostrr
716 768 742 825 J
753 767 800 824 Ch.
803 759 904 841 ,cujus
922 769 1036 853 beatam
1050 771 1210 843 passionem
1227 787 1264 828 ac

167 855 241 912 salut
230 861 320 910 tarem
336 857 458 909 mortem
476 852 633 909 recolentes
651 855 769 923 mystice
787 869 962 912 renovamus.

251 936 346 995 Offcro
372 935 426 993 tibi
450 934 522 993 illud
546 951 604 992 una
628 952 691 993 oum
714 937 844 994 omnibus
862 936 1006 1005 sacrificiis
1024 939 1077 996 tibi
1093 945 1156 1009 grat
1156 941 1266 1000 issimis

98 1091 100 1094 y
168 1024 361 1093 universisque
378 1024 493 1078 sanctae
510 1019 656 1078 Ecclesiae
674 1021 792 1093 meritis,
819 1020 855 1078 ad
881 1022 1068 1081 confitendam
1089 1029 1168 1082 tuam
1186 1042 1267 1082 sum-

105 1181 108 1190 .
168 1125 244 1164 mam
261 1109 439 1177 majestatem
457 1112 638 1176 nostramque
655 1106 827 1163 servitutem.

251 1191 351 1249 Offero
368 1188 440 1247 illud
466 1188 501 1247 ad
527 1195 591 1260 grat
592 1191 668 1246 iast
656 1189 708 1247 tibi
729 1189 893 1248 referendas
916 1207 968 1261 pro
987 1193 1116 1254 omnibus
1134 1192 1243 1266 donis
1234 1212 1268 1252 ιιι

168 1294 213 1334 me
231 1276 356 1348 aliosque
373 1274 502 1332 homines
520 1273 639 1332 collatis.

252 1359 345 1418 Offero
363 1359 414 1415 tibi
431 1357 501 1415 illud
519 1358 581 1416 ad
572 1363 661 1430 impet
649 1357 766 1417 tsranda
753 1375 844 1416 oum
862 1360 960 1416 mihit
948 1364 1008 1456 tum
1027 1318 1155 1420 omnibus
1171 1363 1268 1451 homi·

166 1445 248 1504 nibus
266 1444 439 1502 necessarias
456 1442 493 1500 ad
510 1442 629 1500 salutem
645 1445 761 1514 gratias

251 1528 344 1587 Offoro
372 1527 494 1599 denique
516 1527 588 1584 hanc
613 1529 778 1585 memoriam
805 1527 922 1585 salutis
928 1526 1055 1600 nostrae,
1082 1535 1115 1588 ut
1140 1530 1268 1591 satisfiat

121 1664 124 1668 ,
167 1617 269 1687 majest
257 1615 310 1672 tati
335 1619 410 1682 tuae,
436 1627 510 1684 quae
535 1618 564 1669 ιι
586 1627 674 1685 ame,
702 1613 813 1684 abjecto
831 1619 989 1685 peccatore,
1015 1619 1044 1671 et
1069 1615 1104 1672 ab
1131 1617 1267 1675 omnibus

167 1698 326 1756 hominibus
352 1696 418 1754 indo
442 1713 477 1754 ex
500 1696 609 1768 origine
633 1696 731 1754 mundi
754 1712 842 1770 usque
866 1696 902 1754 ad
920 1697 994 1755 hanc
1011 1688 1112 1756 horam
1129 1701 1214 1758 toties
1236 1708 1267 1760 et

134 1792 135 1795 ’
167 1780 225 1841 tam
243 1783 368 1855 graviter
385 1780 590 1839 offendebatur.
879 1787 884 1798 ·

251 1866 320 1925 Cum
337 1866 391 1924 hoo
408 1864 548 1924 sacrificio
565 1865 648 1923 trado
666 1866 726 1936 tibi,
745 1865 831 1923 Pater
849 1867 985 1939 coelestis,
1004 1884 1049 1924 me
1063 1855 1162 1942 totum,
1181 1871 1266 1941 quid-

167 1952 235 2026 quid
260 1951 359 2020 habeo‚
385 1949 518 2023 quidquid
543 1950 650 2018 valeo
677 1949 803 2021 Suscipe·
820 1966 865 2008 me
889 1966 1001 2008 servum
1024 1956 1103 2009 tuum
1120 1954 1150 2010 in
1167 1960 1266 2018 aeter·

167 2053 242 2094 uum.
285 2036 387 2094 Amen.

245 2120 404 2179 Subvenite
420 2118 497 2192 mihi,
514 2117 612 2177 Sancti
630 2118 691 2188 Dei,
714 2119 821 2176 sociate
839 2135 948 2177 mecum
966 2125 1076 2181 vestras
1094 2139 1202 2195 preces,
1233 2132 1266 2183 ut

64 2232 65 2236 ,
168 2205 242 2278 quod
268 2193 355 2262 offero
374 2220 492 2279 sacrum,
515 2203 637 2261 Deot
600 2203 637 2260 sit
655 2219 737 2274 quam
756 2209 856 2275 accept
856 2204 990 2276 issimum,
1017 2205 1086 2262 mihi
1103 2223 1179 2281 vero,
1198 2210 1266 2266 uni·
1284 2260 1286 2263 .

70 2343 73 2348 J
137 2326 139 2329 v
167 2307 268 2349 versae
285 2289 439 2361 Ecclesiae,
461 2288 531 2345 vivis
549 2293 635 2360 atque
654 2285 800 2359 defunctis,
825 2289 1113 2360 quamtotilissimnm.
1157 2294 1263 2382 Amen.

198 2351 1266 2692 tffiimffiffiss

198 2557 387 2746 153μ1Ηιιι
434 2676 486 2734 ti-
486 2671 528 2737 bi
560 2674 616 2734 do·
605 2692 664 2732 -na
737 2693 811 2748 pu·
833 2693 875 2818 ra,
897 2678 1048 2736 Haecti·
1069 2678 1098 2735 bi
1131 2679 1188 2737 do·
1176 2697 1243 2738 -na

109 2764 110 2767 ’
261 2764 289 2818 2
333 2761 358 2818 A
431 2767 468 2832 te,
493 2761 552 2817 Pa·
541 2767 611 2833 -ter,
625 2777 714 2818 ore·
920 2761 1026 2834 Ate,
990 2764 1138 2822 tPa·t
1126 2769 1179 2837 ter,
1199 2781 1264 2824 ore·
1317 2766 1320 2769 ’
