2722 4740
1181 59 1190 71 τι

138 230 204 292 398
596 245 630 285 vn
657 245 786 284 noemma.
1159 237 1240 306 [ilfa]

224 404 289 461 Non
313 404 404 461 intres
420 404 451 461 in
465 401 602 475 judicium
625 418 688 459 oum
710 417 791 459 sorno
814 405 874 472 tuo,
898 398 1029 464 Domine,
1052 399 1118 470 qnia
1144 399 1241 456 nullus
1300 397 1304 403 '

137 488 215 561 apud
233 482 263 546 t'e
276 487 479 560 jnstificabitnr
495 489 589 557 homo,
610 488 666 544 nisi
683 503 736 558 por
752 492 781 543 to
799 486 923 543 omnium
940 481 1122 555 peccatorum
1139 486 1168 540 oi
1187 485 1242 540 tri·

138 573 243 632 buitur
259 574 396 631 remissio.
430 574 497 630 Non
514 587 583 643 orgo
601 589 674 640 omn,
692 573 873 644 quoosumns
893 574 943 625 tua
965 567 1105 639 iudicialis
1122 568 1241 625 semon-

138 659 179 716 tia
197 661 318 730 premat,
337 675 420 730 quom
436 657 488 715 tibi
502 673 573 714 vora
589 656 756 727 snppliostio
772 653 1030 712 fidetchristitnae
1045 651 1241 710 oomms'andat:

137 743 197 815 sed,
213 742 306 814 gratia
323 748 373 799 tua
390 743 431 798 illi
447 740 637 814 snoonrrianto,
659 741 802 797 mereator
819 737 940 796 evadere
954 737 1092 809 judicium
1110 735 1241 809 ultionis,

136 829 195 898 qui,
224 827 290 885 dnm
313 827 430 896 viveret,
452 826 601 898 insignitus
627 831 671 882 ost
693 824 836 896 signaculo
861 823 984 881 Sanctae
1003 822 1164 879 Trinitatis:
1190 823 1243 895 qni

138 912 218 982 vivis,
240 917 270 968 ot
284 928 387 983 regnas
405 913 435 968 in
452 910 567 970 'saecula
584 910 770 968 saeculorum.
789 940 830 950 —
847 907 882 979 R.
905 906 1006 965 Arnen.

156 1082 162 1092 .
206 1014 319 1135 DoIilnffie,
344 1014 460 1068 (lantone
478 1014 631 1080 incipiente,
654 1013 749 1067 Olenus
772 1014 950 1067 circumstans
973 1017 1064 1065 cantat
1082 1011 1242 1078 Responso-

137 1097 223 1136 rrum:
270 1100 279 1135 1
309 1098 372 1135 era.
1062 1088 1064 1093 '

208 1151 274 1203 Post
291 1150 452 1203 Dominus
470 1151 656 1203 vobiscum:
680 1198 683 1202 ,

224 1249 373 1308 Oramus.
398 1249 483 1322 Dens,
501 1250 546 1306 oni
560 1248 709 1320 proprium
725 1254 768 1305 est
781 1247 911 1305 misereri
925 1261 1046 1318 sempor,
1062 1251 1092 1304 ot
1100 1243 1242 1316 parcere:

138 1339 169 1391 to
190 1335 333 1405 snpplioos
356 1335 505 1399 exoramus
532 1350 584 1405 pro
614 1333 708 1390 anima
729 1331 828 1389 famuli
850 1333 893 1388 tui
909 1332 944 1388 N.
963 1332 1007 1402 (vn
1020 1329 1148 1388 ‘tonnulae
1170 1333 1243 1385 tuae

140 1418 198 1492 nl),
224 1436 308 1491 qnam
330 1416 415 1476 hodio
440 1417 477 1476 do
498 1418 552 1476 hoo
575 1418 687 1476 saeculo
717 1417 840 1488 migrare
859 1415 976 1488 Jussisti,
1005 1421 1038 1473 ut
1064 1431 1121 1473 non
1139 1413 1243 1483 tradas

137 1519 203 1560 oam
220 1505 251 1560 in
268 1520 369 1561 manns
390 1501 506 1576 inimici,
523 1519 613 1575 nequo
630 1501 804 1559 obliviscaris
821 1504 852 1559 in
869 1500 963 1569 finem,
986 1499 1036 1557 sod
1051 1499 1153 1572 jriboas
1172 1514 1242 1556 eam

142 1603 160 1644 a
176 1588 282 1645 sanctis
296 1588 412 1658 Angelis
429 1588 542 1659 simini,
561 1592 591 1645 et
608 1586 645 1644 ad
662 1587 784 1658 patriam
807 1585 934 1657 paradisi
952 1585 1084 1656 perdisci:
1107 1588 1148 1654 nt,
1171 1586 1244 1655 qnia

140 1673 171 1728 in
188 1679 218 1730 te
236 1673 368 1744 speravit,
387 1678 415 1730 ot
434 1671 562 1745 orodidit,
579 1689 637 1728 non
655 1687 763 1746 poenas
780 1669 884 1728 inforni
899 1670 1048 1740 sustineat,
1066 1669 1116 1727 sod
1134 1667 1244 1739 gaudia
1304 1667 1310 1678 '

140 1757 259 1814 aetorno
276 1757 430 1829 possideat
465 1751 521 1815 Per
539 1755 682 1814 Christum
700 1755 852 1813 Dominum
869 1761 1007 1814 nostrum.
1025 1786 1067 1795 -
1084 1754 1118 1825 R.
1134 1754 1243 1811 Amen.

207 1851 300 1905 Finita
317 1850 454 1918 Oratione,
478 1867 576 1919 corpus
599 1850 720 1905 defertur
741 1851 775 1903 ad
798 1851 959 1917 sepulcrum,
987 1848 1010 1902 si
1031 1855 1096 1903 tuno
1113 1846 1244 1902 deferen-

137 1918 204 1971 dum
221 1920 270 1988 sit;
288 1925 316 1972 ot
333 1921 396 1972 dum
414 1926 545 1988 portatur,
564 1918 661 1972 Clerici
678 1925 788 1975 cantant
805 1917 1007 1986 Antiphonam:

848 2003 858 2024 .
1359 2000 1361 2006 s

137 2030 512 2239 -
580 2031 1245 2213 ssrffl

241 2260 285 2336 in
319 2262 608 2345 pa-raldi-sum
652 2238 874 2328 de·dii·cant
894 2275 925 2326 to
965 2270 1012 2327 An
1053 2299 1067 2312 ·
1126 2269 1227 2340 go-li:

226 3131 291 3190 Mar
333 3163 346 3174 ·
398 3139 525 3206 tyros„
619 3138 649 3191 ot
678 3131 867 3204 per-do-cant
883 3138 912 3190 to
971 3134 1002 3189 in
1035 3132 1199 3189 oi-vi-ta·

229 4010 322 4082 ges-to
366 3975 524 4069 ·ru1nte
567 4036 572 4046 1
658 4027 706 4068 sus
747 3981 942 4084 ssoi-,ni-at
986 4018 1015 4070 ot
1045 4028 1107 4069 oum
1133 4011 1206 4071 Lae
1290 3983 1330 4041 [ss
