2722 4740
568 555 628 594 illan
645 557 722 602 privata
735 556 769 596 tv.

432 708 532 790 iiii
580 704 640 806 Ji
661 704 767 802 liora
784 694 915 789 &aare

206 866 337 938 Respice,
354 863 570 922 clementissime
587 862 671 927 Deus,
694 862 731 918 ad
748 862 923 932 sacrificium,
942 863 1017 935 qnod
1033 864 1064 921 in
1080 863 1216 923 honorem

124 951 247 1009 nominis
264 948 314 1022 tui,
334 963 388 1020 pro
411 948 503 1005 salute
526 947 652 1005 vivorum
673 961 707 1003 ac
729 945 924 1005 defunctorum
946 947 1032 1005 modo
1055 948 1216 1009 obtulimus.
1271 1021 1273 1024 .

125 1036 202 1095 Iram
224 1040 304 1092 tuam
325 1049 343 1090 a
363 1032 411 1090 me'
432 1046 556 1104 remove,
578 1031 701 1102 gratiam
725 1031 849 1089 omnium
870 1031 1008 1089 virtutum
1025 1031 1157 1098 concede.
1181 1049 1216 1090 ex

124 1118 253 1178 omnibus
269 1118 351 1174 malis
368 1132 414 1174 me
427 1121 558 1188 potenter
576 1116 663 1187 eripe,
682 1121 711 1172 et
729 1113 865 1187 quidquid
882 1116 1072 1187 negligentiae
1088 1118 1118 1173 in
1135 1133 1217 1174 sacra

125 1206 237 1261 actione
261 1201 401 1272 commisi,
423 1206 569 1257 mansuete
596 1198 718 1271 indulge.
758 1198 804 1256 Sic
830 1214 882 1256 nos
903 1200 934 1256 in
956 1199 1011 1257 hoc
1031 1200 1137 1258 mundo
1160 1202 1216 1258 tuis

125 1287 283 1360 praeceptis
308 1285 490 1342 inhaerentes
521 1283 622 1355 redde,
652 1288 683 1341 ut
708 1282 861 1354 aliqnando
888 1288 981 1341 tecum
1012 1286 1043 1342 iu
1070 1290 1217 1343 aeternum

125 1366 283 1443 regnemus,
306 1369 382 1426 Deus
398 1373 505 1440 noster,
527 1368 612 1439 cujus
624 1381 727 1424 nomen
745 1366 958 1442 amplissimum,
979 1370 1059 1440 cujus
1081 1368 1171 1426 honor
1188 1373 1218 1426 et

126 1455 273 1527 imperium
291 1457 441 1525 permanet
457 1468 509 1523 per
527 1453 622 1509 onmia
639 1451 757 1509 saecula
796 1450 895 1510 Amen.

457 1998 584 2135 allilia
614 2027 777 2136 privato
803 2027 902 2109 IV«

463 2227 492 2306 Ι.
525 2225 582 2327 Ji
606 2224 728 2310 Initium
749 2224 891 2327 marat.

172 2340 175 2368 ,
251 2346 252 2359 ,

179 2385 183 2402 l
317 2383 388 2441 'iesu
404 2381 513 2441 infinite
530 2382 672 2441 amabilis!
704 2384 752 2454 qui
779 2399 814 2440 ex
831 2384 976 2440 voluntate
992 2380 1095 2455 Patris,
1120 2399 1220 2456 coope-

156 2461 162 2473 '
179 2480 242 2559 Ψ
254 2464 265 2490 l
277 2473 359 2525 rante
368 2466 477 2539 Spiritu
492 2466 606 2540 Sancto,
623 2482 678 2524 non
696 2468 782 2525 semel
800 2471 910 2524 tantum
927 2471 956 2523 te
974 2465 1042 2522 mihi
1057 2467 1088 2523 in
1106 2468 1220 2542 socium,

80 2599 92 2613 .
176 2546 186 2586 ³
278 2551 410 2622 edulium,
429 2548 607 2624 sacrificium,
624 2551 758 2624 pretium,
774 2552 930 2623 praemium
948 2548 1017 2607 dare
1034 2548 1163 2621 dignatus
1181 2569 1219 2626 es,

179 2655 189 2676 ·
277 2635 327 2693 sed
346 2634 471 2706 quotidie
492 2634 583 2692 denuo
606 2633 709 2693 offerre
732 2634 869 2706 dignaris:
892 2638 999 2707 quanta
1020 2639 1133 2693 tuaest
1154 2652 1220 2708 erga

277 2736 323 2777 me
339 2718 479 2790 ingratum
496 2718 660 2789 liberalitas,
678 2719 789 2791 caritas,
806 2719 1011 2776 nisemcordiai
1034 2725 1140 2790 quanta
1157 2736 1221 2777 mea

278 2819 347 2875 erga
372 2809 402 2860 te
426 2802 608 2875 ingratitudo,
635 2803 794 2877 stupiditas,
821 2803 939 2876 malitia,
967 2803 1014 2874 qui
1036 2809 1079 2860 tot
1096 2809 1125 2860 et
1142 2809 1221 2861 tanta

131 2889 206 2945 mela
223 2895 308 2960 atque
323 2891 443 2959 peccata
459 2887 547 2945 reddo
564 2903 616 2959 pro
633 2893 675 2945 tot
692 2893 722 2945 et
738 2889 825 2945 tantis
842 2887 935 2945 bonis!
969 2887 1058 2944 Doleo
1082 2885 1118 2944 de
1143 2888 1185 2945 his
1196 2934 1219 2948 ..

39 2970 44 2976 ’
133 2977 162 3030 et
186 2971 314 3029 omnibus
330 2971 416 3029 totius
437 2973 514 3030 vitae
531 2973 664 3044 peccatis,
690 2977 812 3044 propter
834 2977 863 3028 te
883 2969 991 3028 infinite
1012 2971 1117 3028 bonnm
1137 2987 1155 3029 a
1176 2988 1221 3028 me

131 3054 276 3113 offensum.
312 3054 401 3127 Cupio
420 3056 515 3114 omnia
532 3055 682 3113 emendare
699 3060 729 3112 et
744 3071 796 3128 pro
814 3055 943 3115 omnibus
959 3053 1131 3129 satisfacere,
1148 3058 1221 3114 sicut

130 3141 181 3197 vis.
222 3139 340 3212 Supple,
369 3140 493 3210 ignosce,
519 3142 614 3211 recipe
639 3156 685 3198 me
705 3140 735 3197 in
751 3139 836 3212 'pacis
859 3140 985 3197 osculum
1009 3155 1061 3210 per
1082 3141 1221 3210 lacrimae,

132 3223 262 3282 sudorem
286 3229 321 3280 et
333 3224 497 3294 sanguinem
512 3229 593 3280 tuum
611 3229 641 3281 et
658 3224 710 3282 hoc
728 3229 855 3282 sanctum
872 3222 1048 3282 sacrificinm.

216 3306 238 3365 0
264 3309 288 3365 si
310 3306 408 3365 divino
428 3307 492 3365 huic
516 3309 673 3365 memoriali
697 3308 843 3380 passionis,
869 3312 1049 3366 monumento
1068 3309 1220 3380 potentiae,

131 3392 288 3464 sapientiae
307 3407 340 3448 ac
356 3391 489 3449 bonitatis
507 3397 580 3464 tuae,
598 3391 813 3464 etoompendio
829 3393 954 3449 omnium
972 3391 1143 3449 mirabilium
1160 3398 1222 3450 tuo·

132 3491 193 3532 rnrn
212 3477 345 3533 assistere
366 3491 478 3547 possem
502 3492 537 3534 ea
561 3477 727 3545 attentione,
758 3475 915 3547 devotione,
940 3476 1108 3546 reverentia,
1137 3492 1221 3547 quarn

132 3559 218 3630 exigit
235 3565 301 3617 tuae
325 3559 439 3617 divinae
455 3561 613 3632 majestatis
639 3561 811 3631 praesentia,
838 3563 881 3619 tot
897 3561 1071 3631 Angelormn
1089 3561 1220 3618 assisten-
1322 3619 1324 3625 ,

133 3643 203 3700 tinm
220 3642 387 3715 frequentin,
405 3648 450 3701 tot
463 3645 672 3715 mysteriorum,
691 3661 763 3716 qnae
774 3643 821 3701 hic
836 3650 982 3716 geruntur,
999 3641 1220 3716 magnificentia!

215 3725 352 3785 Desidere
369 3726 399 3784 id
416 3735 572 3799 praestare,
590 3730 630 3784 mi
647 3727 734 3799 Dens,
759 3745 794 3787 ex
811 3729 876 3786 totis
894 3727 1069 3801 praecordiis
1086 3729 1167 3801 meis,
1184 3729 1222 3786 ad

133 3812 282 3868 maximam
297 3817 373 3868 tuam
388 3811 517 3884 gloriam,
532 3828 666 3884 amorem,
683 3811 901 3885 beneplacitum,
918 3813 948 3870 in
962 3814 1119 3884 gratiarum
1134 3813 1222 3870 actio-

132 3911 196 3951 nem
219 3897 341 3952 omnium
366 3893 575 3970 beneficiorum,
598 3898 628 3953 in
650 3896 869 3955 satisfactionem
890 3901 1072 3968 peccatorum
1094 3913 1221 3954 meorum

134 3980 312 4050 omniumque
328 3977 460 4050 fidelium,
479 3997 531 4053 pro
548 3981 592 4039 his
611 3975 658 4060 (N.
672 3981 720 4052 N.)
738 3979 922 4052 omnibusque
939 3981 1009 4039 vivis
1028 3987 1057 4039 et
1075 3980 1220 4052 defunctis,

10 4138 19 4154 .
57 4083 62 4090 ·
132 4061 168 4118 ad
185 4062 391 4135 impetrandam
408 4066 445 4121 iis
462 4066 581 4136 veniam,
599 4066 731 4137 gratiam,
750 4065 877 4137 gloriam.

217 4147 297 4219 Quod
314 4154 345 4205 ut
363 4148 446 4221 digne
468 4156 615 4222 praestare
636 4151 750 4221 possim,
775 4148 819 4220 da,
844 4149 968 4219 obsecro,
990 4149 1133 4221 copiosam
1152 4149 1222 4207 mihi

133 4232 254 4302 gratiam
271 4237 302 4290 et
317 4232 551 4308 benedictionem,
578 4233 748 4311 permonita
764 4238 823 4306 tua,
846 4233 947 4292 beatae
965 4233 1097 4305 Virginis,
1121 4235 1221 4292 Matris

133 4319 206 4386 tuae,
225 4322 254 4374 et
271 4318 397 4374 omniurn
414 4317 588 4378 Sanctorum.
624 4317 723 4376 Amen.

182 4426 263 4474 Mnhr,
280 4429 385 4469 cantiones
397 4439 469 4470 uerae.
1006 4419 1036 4466 23
