2730 4748
428 1860 512 1942 XII.
564 1858 639 1964 Ruit
665 1857 904 1943 dunecanum.

182 2028 184 2035 ’
206 2034 388 2106 Omnipotens
405 2033 501 2104 Pater,
526 2037 574 2108 qui
598 2036 638 2094 sic
655 2035 777 2093 dilexisti
795 2033 937 2111 mundum,
963 2039 994 2091 ut
1012 2035 1116 2090 Filium
1134 2039 1212 2106 tuum

121 2118 295 2192 unigenitum
313 2117 405 2190 dares,
423 2122 569 2191 momnis,
597 2122 644 2192 qui
671 2119 761 2179 credit
786 2121 815 2176 in
839 2120 928 2188 illurn,
954 2135 1010 2176 non
1034 2123 1142 2189 pereat,
1161 2117 1211 2176 sed
1253 2128 1256 2135 '

121 2204 225 2262 habeat
248 2205 334 2261 vitam
360 2209 519 2262 aeternam:
550 2220 603 2277 per
629 2204 701 2262 hunc
725 2203 856 2261 dilectum
882 2203 983 2261 Filium
1010 2200 1104 2272 tunm}
1132 2204 1212 2274 cujus

121 2288 309 2347 beatissimam
335 2289 503 2362 passionem,
531 2295 560 2348 et
581 2291 733 2361 gloriosam
755 2289 999 2358 resurrectionem,
1027 2289 1101 2346 etin
1120 2287 1212 2346 coelos

122 2372 332 2432 adscensionem
351 2373 381 2429 in
398 2372 452 2431 hoc
469 2376 644 2432 sanctissimo
661 2372 797 2433 sacrificio
820 2373 936 2442 recolui,
955 2378 983 2430 te
1001 2389 1060 2443 oro,
1087 2371 1158 2430 educ
1175 2371 1212 2430 de

121 2474 239 2517 carcere
258 2459 380 2515 animam
399 2474 490 2515 meam
508 2458 545 2515 ad
563 2458 753 2516 confitendum
769 2458 877 2515 nomini
895 2463 951 2517 tuo.

207 2576 312 2633 Libera
333 2554 383 2633 ¹me
409 2592 426 2632 a
452 2577 569 2634 vinculis
594 2583 789 2648 peccatornm3
816 2582 853 2649 et,
877 2593 959 2647 quern
976 2577 1094 2648 propria
1112 2577 1214 2634 merita

121 2661 231 2719 'iaciunt
256 2659 390 2718 lethalem
416 2661 517 2719 timere
544 2663 721 2734 sententiam,
748 2678 800 2745 per
822 2661 903 2732 hujus
915 2660 1017 2748 dilecti
1036 2661 1100 2718 Filii
1118 2661 1159 2717 tui
1176 2660 1213 2718 sd

106 2745 269 2804 'dexteram
303 2749 380 2802 tuam
415 2745 538 2803 sedentis
572 2746 833 2818 interpellationem
860 2751 989 2804 restaura
1021 2747 1148 2816 placatus
1177 2744 1213 2801 ad

121 2832 217 2890 vitam.

124 3005 128 3012 ,
206 2949 295 3020 Quem
323 2948 398 3005 enim
427 2950 513 3007 alimn
540 2948 661 3020 dirigam
685 2936 903 3008 intercessorem
929 2948 994 3017 tibi,
1025 2949 1134 3018 nescio,
1160 2947 1213 3005 nisi

122 3033 205 3102 hunc,
231 3034 279 3105 qui
298 3038 341 3091 est
356 3033 522 3104 propitiatio
547 3050 599 3105 pro
617 3036 743 3105 peccatis
760 3035 948 3106 nostrised
965 3032 1046 3092 sedet
1064 3032 1101 3090 ad
1118 3032 1214 3090 dexte·

121 3132 184 3175 ram
201 3123 288 3189 tuam,
309 3117 495 3189 interpellans
512 3133 565 3187 pro
583 3119 671 3188 nobis,
699 3117 851 3176 advocatus
876 3134 954 3176 meus
973 3117 1049 3189 apud
1068 3122 1105 3188 te,
1122 3117 1214 3174 Deum

122 3201 245 3274 Putrem,
262 3200 389 3272 pontifex
407 3218 538 3274 summus,
555 3218 613 3259 non
632 3203 734 3275 alieno,
756 3201 807 3260 sed
824 3204 940 3275 proprio
959 3202 1089 3280 perfusus
1107 3217 1214 3274 cruore,

122 3285 216 3344 hostia
232 3291 337 3357 sanctu,
363 3284 550 3357 beneplacens
568 3293 597 3344 et
614 3285 750 3358 perfecta
776 3290 806 3345 iu
825 3287 940 3346 odorem
958 3287 1103 3345 suavitatis
1120 3285 1215 3343 oblata

123 3375 152 3428 et
165 3378 291 3442 accepta,
309 3368 406 3441 Agnus
423 3371 483 3427 sine
500 3372 616 3444 macula,
633 3373 680 3443 qui
698 3377 846 3443 peccatum
864 3388 921 3429 non
939 3371 1016 3445 fecit,
1034 3370 1083 3429 sed
1095 3375 1214 3442 peccata

123 3454 353 3526 nostrapertulit
370 3461 399 3512 et
416 3455 566 3526 languores
583 3461 693 3513 nostros
710 3471 761 3513 suo
779 3456 871 3515 livore
889 3457 1007 3514 sanavit.

206 3571 345 3643 Adspice,
373 3572 518 3630 mitissime
543 3573 641 3641 Pater,
670 3572 767 3631 dilecti
792 3575 857 3632 Filii
885 3576 926 3632 tui
953 3573 1158 3632 humanitatem
1186 3579 1216 3631 et

122 3659 260 3714 miserere
290 3673 374 3727 super
405 3655 509 3714 infirmi
541 3658 685 3729 plasmatis
711 3657 865 3717 debilitate.
918 3658 990 3715 Vide
1017 3657 1214 3728 Redemptoris

123 3739 290 3813 supplicium
309 3747 338 3829 et
354 3741 493 3814 redempti
511 3740 620 3799 dimitte
638 3741 780 3800 delictum.

208 3858 265 3917 Oro
292 3866 333 3932 te,
359 3876 409 3918 rex
437 3866 611 3930 sanctorum,
641 3876 693 3932 per
718 3860 790 3918 hunc
814 3867 941 3919 sanctum
967 3867 1137 3933 sanctorum,
1162 3877 1216 3932 per

123 3945 196 4001 hunc
213 3943 433 4016 Redemptorem
450 3962 553 4016 meum,
579 3945 623 4002 iac
640 3957 686 4003 rne
713 3947 828 4003 currere
844 3946 919 4003 viam
936 3945 1134 4005 mandatorum
1153 3951 1216 4002 tuo-

50 4102 51 4108 *
124 4045 194 4099 rum,
211 4034 243 4084 ut
260 4030 287 4087 ei
304 4029 414 4087 valeam
431 4030 530 4101 spiritu
547 4030 632 4101 uniri,
656 4031 703 4101 qui
721 4045 785 4087 mea
801 4045 860 4087 non
877 4030 989 4088 horruit
1006 4045 1091 4087 earne
1109 4031 1216 4104 vestiri,

121 4115 205 4172 {lesus
224 4111 350 4171 Christos
367 4116 395 4170 in
414 4113 527 4171 saecula
544 4113 716 4171 benedictus.
761 4113 861 4172 Amen.
884 4124 914 4176 (s.
929 4124 1069 4177 suasinus)
