2722 4740
573 533 631 572 Missa
643 534 721 579 privata
734 536 772 575 111.

488 769 562 850 lli
614 766 671 867 Ji
697 763 852 855 Eranusa.
923 757 934 771 ⁵

83 1007 86 1012 ,
212 945 306 1002 Etiam
333 948 415 1016 atque
440 945 525 1001 ctiam
549 949 579 1001 te
600 959 677 1015 rogo,
701 944 789 1002 Pater
805 944 1012 1020 benignissime,
1030 954 1070 1022 ut,
1088 944 1219 1023 suscepto

128 1047 180 1102 per
205 1030 303 1088 lesum
330 1028 470 1086 Christum
500 1027 553 1085 hoc
582 1027 735 1099 sacrificio,
762 1029 843 1087 nobis
870 1028 1026 1089 benedicas.
1077 1033 1220 1106 Imprimis

101 1156 105 1195 Ι.
128 1115 269 1185 largitatis
286 1119 353 1170 tuae
371 1112 446 1170 dona
462 1114 492 1169 in
509 1111 668 1170 Ecclesiam
687 1119 765 1171 tuam
784 1112 905 1183 effunde,
930 1120 962 1173 ut
986 1133 1037 1188 por
1058 1120 1219 1194 universum

129 1199 227 1258 orbem
249 1207 391 1256 terrarum
409 1214 432 1254 a
443 1204 472 1254 te
492 1201 666 1270 protegatur,
693 1204 807 1269 regatur
830 1205 859 1256 et
881 1215 1000 1258 concors
1026 1212 1217 1262 conservetur.

130 1284 222 1342 Tuere
239 1288 269 1341 et
285 1281 411 1354 guberna
427 1280 563 1339 famulum
581 1287 668 1355 tuum,
685 1281 794 1355 Papam
812 1288 939 1342 nostrum
949 1285 983 1344 N.
1003 1291 1032 1343 et
1046 1286 1220 1359 Episcopum

129 1368 164 1428 N.
190 1383 344 1439 omnesque
369 1371 485 1424 sanctae
510 1365 655 1424 Ecclesiae
684 1367 854 1426 sacerdotes.
906 1368 1020 1428 Revoca
1048 1371 1220 1430 miserrimos

128 1456 206 1526 istos,
230 1452 278 1524 qui
300 1468 364 1509 cum
382 1450 508 1522 periculo
526 1456 659 1509 aeternae
676 1451 774 1509 salutis
791 1452 837 1509 vel
855 1468 873 1509 a
891 1451 1021 1510 doctrina
1037 1455 1083 1513 vel
1101 1472 1119 1513 a
1136 1455 1222 1514 disci·

129 1538 209 1609 plina
235 1536 384 1593 Ecclesiae
397 1547 399 1551 '
412 1527 623 1595 aberraverunt.
674 1535 828 1594 Praeterea
859 1537 1022 1595 commendo
1053 1539 1219 1599 liberalitati

129 1629 196 1679 tuae
213 1621 283 1678 mihi
299 1636 379 1679 caros
396 1619 430 1676 N.
449 1619 498 1694 N,
520 1619 685 1678 commendo
702 1619 754 1677 tibi
771 1618 976 1691 benefactores,
1001 1625 1105 1682 amicos
1123 1631 1152 1683 et
1168 1627 1222 1682 ini-

128 1705 231 1776 mic0s3
253 1703 419 1763 commendo
436 1702 489 1760 tihi
507 1719 562 1776 eos,
581 1705 629 1775 qui
646 1706 731 1761 morti
749 1705 870 1777 proximi
888 1713 954 1763 sunt
972 1712 1001 1766 et
1018 1710 1065 1779 qui
1082 1711 1220 1780 peccandi
1315 1739 1322 1754 ·

129 1790 254 1862 periculo
283 1793 469 1861 exponuntur.
523 1788 658 1846 Omnibus
691 1792 787 1847 omnia
818 1790 906 1847 animi
934 1793 1119 1865 corporisque
1147 1794 1223 1853 bona

129 1874 230 1933 tribue.
273 1875 373 1932 Amen.
471 1899 478 1914 ·

215 1992 319 2065 Incipit
334 1989 514 2050 tremendum
531 1991 704 2061 mysterium,
721 1987 778 2049 nori
793 1991 885 2050 minus
903 1992 1043 2052 inlinitum
1061 2013 1145 2069 quam
1159 1999 1221 2071 ipse

130 2078 216 2148 Deus,
240 2077 344 2149 quippe
362 2075 438 2149 quod
456 2090 537 2133 nemo
554 2076 646 2149 homo,
668 2092 752 2133 nemo
768 2077 892 2147 Angelus
907 2080 1135 2151 comprehendat.
1179 2084 1223 2141 Tu

131 2164 206 2221 enim
231 2162 315 2227 solus,
340 2161 417 2230 lesu,
444 2164 605 2219 nostrarum
629 2166 749 2218 amator
765 2161 931 2229 animarum,
948 2165 1100 2234 ¹cognitum
1126 2166 1222 2240 habes,

132 2258 195 2305 cnm
221 2251 327 2319 quanto
354 2260 459 2318 amore,
485 2244 558 2302 sicut
583 2246 614 2302 in
640 2249 753 2302 uterum
778 2245 903 2317 Virginis
929 2245 1107 2319 descendisti,
1134 2253 1175 2309 ita
1191 2254 1221 2309 in

130 2337 236 2390 terram
261 2328 387 2403 quotidie
411 2328 585 2387 descendens
605 2330 635 2386 in
657 2329 741 2387 altari
758 2334 787 2387 te
804 2328 866 2388 Deo
883 2330 963 2389 Patri
980 2334 1115 2391 immoles.
1160 2337 1224 2396 Uti-

130 2431 196 2473 nam
219 2416 269 2488 tui,
296 2430 400 2487 sponse
418 2414 584 2482 animarum,
606 2412 746 2472 desiderio
763 2430 879 2485 prorsus
896 2415 1040 2475 tabescam
1057 2420 1175 2492 parique
1192 2428 1223 2480 te

131 2505 293 2570 exspectem
318 2498 443 2572 fervore,
470 2513 524 2570 quo
549 2499 639 2556 sancti
665 2504 761 2571 patres
784 2499 851 2556 olim
868 2499 1102 2573 „Rorate,coeli“
1119 2506 1224 2564 clama·

130 2602 206 2643 vere.
250 2583 401 2642 Occurram
419 2582 479 2651 tihi,
496 2582 632 2655 Domine,
644 2600 707 2641 cum
725 2581 825 2641 eadem
842 2583 1032 2656 festinatione,
1059 2604 1115 2659 qua
1140 2593 1222 2662 pueri

131 2669 331 2728 Hebraeorum
345 2668 397 2725 tibi
412 2668 638 2738 Hierosolymam
656 2667 825 2739 ingredienti
843 2667 954 2727 obviam
972 2670 1078 2739 ieruut3
1096 2674 1225 2734 salutabo

132 2762 161 2812 te
179 2759 208 2812 et
225 2769 276 2822 ego
295 2769 358 2810 cum
374 2753 484 2810 laetitia
502 2760 531 2810 et
548 2753 743 2811 exsultatione.
787 2752 934 2811 Procidam
957 2771 1051 2812 coram
1078 2763 1116 2827 te,
1143 2764 1222 2817 tuam

133 2836 302 2897 adoraturus
319 2839 506 2909 majestatem,
531 2841 597 2894 tuos
614 2837 789 2894 osculaturus
806 2836 902 2907 pedes,
928 2844 1007 2897 tuam
1024 2840 1225 2912 imploraturus

133 2919 365 2993 misericordiam,
383 2919 597 2993 praedicaturus
621 2920 831 2992 benignitatem,
858 2920 1049 2982 admiraturus
1067 2927 1223 2997 pulchritu-

133 3007 235 3065 dinem.
279 3001 359 3074 Veni,
376 3006 456 3064 Jesn!
482 3006 556 3078 veni,
573 3004 718 3077 gaudium!
741 3006 814 3079 veni,
831 3006 964 3064 solatium
981 3012 1095 3067 meumt·
1122 3013 1224 3083 Amen.

444 3193 550 3334 llil.
602 3251 658 3352 Ji
683 3246 900 3351 himerinum.

443 3423 494 3472 Ad
512 3421 720 3472 elevationem
740 3438 762 3475 s.
781 3424 910 3474 hostiae.

216 3532 287 3602 Ave,
314 3527 423 3600 Corpus
441 3526 555 3599 Christi,
581 3533 678 3584 natum
696 3526 732 3585 de
749 3526 844 3584 Maria
861 3529 987 3601 Virgine,
1009 3546 1077 3588 vere
1099 3549 1225 3604 passum,

132 3614 305 3672 immolatum
331 3613 362 3669 in
383 3610 482 3670 Cruce.
496 3627 548 3682 pro
575 3607 698 3668 homine!
720 3611 791 3668 Esto
809 3612 877 3670 mihi
895 3620 1107 3685 praegustatum
1125 3621 1226 3675 mortis

133 3699 162 3755 in
180 3699 316 3756 examine.
360 3696 383 3754 0
402 3696 499 3768 dulcis,
515 3711 533 3753 o
550 3696 597 3767 pie
614 3695 692 3768 lesu,
709 3693 766 3752 Fili
783 3695 902 3768 Mariae,
930 3705 990 3757 esto
1008 3700 1077 3757 mihi
1094 3701 1177 3758 lesus
1196 3707 1227 3760 et

133 3783 211 3841 salva
228 3784 288 3841 mel
325 3781 426 3839 Amen.

474 3927 526 3978 Ad
543 3928 752 3979 elevationem
770 3929 884 3980 calicis.

218 4033 287 4106 Ave,
314 4033 426 4104 sanguis
449 4032 518 4090 Jesu
542 4017 646 4090 Christi
670 4032 701 4089 in
723 4031 777 4090 hoc
798 4049 879 4091 sacro
898 4034 994 4107 calice,
1018 4036 1066 4108 qui
1087 4035 1118 4092 in
1136 4035 1227 4098 Cruco

82 4117 85 4143 ³
134 4117 290 4192 produxisti
317 4133 351 4175 ex
378 4121 478 4187 aperto
500 4117 599 4187 latere,
627 4124 656 4175 et
680 4117 716 4174 ab
742 4117 817 4174 omni
842 4117 956 4176 abluisti
980 4125 1072 4177 totum
1090 4122 1225 4179 mundum

135 4204 260 4261 crimine.
311 4200 417 4275 Ablue,
449 4200 594 4259 sanctifica
626 4207 656 4259 et
682 4201 791 4259 custodi
818 4204 941 4260 animam
967 4219 1058 4262 meam
1083 4205 1114 4262 in
1139 4207 1227 4263 vitam

134 4294 289 4346 aeternam.
332 4287 434 4344 Amen.
722 4303 723 4309 ¹
