2730 4748
149 206 221 267 324
440 224 466 264 V.
494 223 572 264 Cantica
586 228 605 262 el
618 225 689 264 Preces
701 225 725 263 ad
739 225 818 263 staram
830 225 934 273 privatam.
1177 205 1237 254 383-

156 385 157 388 ’
232 379 336 436 Parent
324 384 384 435 tum
402 380 477 453 item,
498 380 627 452 fratrum,
650 379 861 437 benefactorum
880 385 909 436 et
927 378 1080 436 amicorum
1098 391 1237 444 meorum,

126 460 127 463 ’
149 462 197 533 qui
215 478 245 520 se
263 463 331 520 mihi
348 465 530 536 singulariter
548 463 779 522 commendarunt
797 464 842 534 (N.
860 463 915 534 N.‚)
935 479 1034 522 eorum
1052 476 1171 534 quoqne,
1188 459 1239 530 qui

148 563 193 603 me
220 549 464 622 contristaverunt,
490 553 559 621 quos
582 565 635 620 ego
662 549 834 621 contristavi,
859 547 971 620 offendi,
999 549 1097 619 juvare
1115 547 1238 648 neglexi,

148 647 219 703 qnos
235 648 287 702 per
304 649 349 690 me
366 634 395 690 in
412 634 487 691 viam
505 635 586 692 salut
566 640 602 691 trs
620 635 661 690 vis
680 632 812 705 dirigere,

230 717 339 774 Horum
356 719 480 775 omnium
497 718 642 788 miserere,
665 717 751 774 Pater
769 713 1036 789 miserrcordiaram,
1063 718 1184 789 gratiam
1202 714 1239 770 iis

149 800 312 870 concedens,
330 808 390 858 utt
378 802 431 859 tibi
448 802 586 875 placeant,
604 808 636 859 nt
653 807 860 872 teagnoscant,
879 802 1005 872 timeant,
1031 807 1133 870 ament,
1150 801 1239 872 glori·

148 881 232 942 ficent
257 902 320 943 cum
346 885 446 943 eodem
473 886 576 945 dilecto
601 887 674 944 Filio
702 893 751 944 tuo
777 892 806 944 et
831 886 937 958 Spiritu
963 892 1078 956 sancto,
1105 903 1180 944 nnnc
1207 888 1242 942 et

80 1016 84 1021 .
149 983 259 1041 semper
277 975 306 1027 et
321 971 352 1027 in
369 961 482 1029 saecula
498 972 680 1030 saeculorum.
724 971 825 1029 Amen.

473 1134 573 1218 Vni
624 1134 680 1234 Ji
706 1119 920 1232 Ritaciiocrc.

444 1282 511 1336 'Ad
529 1288 737 1338 elevationem
754 1302 777 1338 s.
795 1289 924 1339 hostiae.

234 1390 325 1471 Salve,
351 1392 482 1449 salutaris
508 1392 637 1465 victima,
657 1409 710 1465 pro
737 1409 783 1450 me
804 1397 833 1450 et
850 1394 926 1450 omni
944 1409 1049 1464 genere
1067 1393 1190 1450 humano
1208 1394 1240 1448 in

150 1474 276 1546 patibulo
294 1473 390 1549 Crucis
407 1476 512 1533 oblata!
540 1476 651 1536 Christe
674 1476 750 1550 Jesu,
776 1493 827 1535 rex
850 1484 974 1547 aeterne,
1001 1477 1085 1535 homo
1107 1476 1242 1536 crucifixe

150 1565 269 1630 propter
293 1558 449 1618 hominem!
482 1561 602 1632 Respice
627 1562 845 1619 sacratissimam
871 1577 985 1619 carnem
1011 1568 1090 1619 tuam
1114 1577 1166 1634 pro
1191 1579 1240 1619 me

152 1643 236 1701 Cruci
261 1644 345 1702 clavis
369 1643 482 1703 affixam
508 1651 537 1702 et
562 1647 662 1703 lancea
686 1643 874 1717 perforatam!
906 1647 929 1705 Ο
956 1647 1086 1720 clemens,
1111 1648 1241 1718 opieo

152 1727 239 1786 dulcis
255 1729 273 1786 J
275 1745 332 1802 esu,
349 1728 405 1785 Fili
421 1729 541 1802 Mariae,
559 1731 694 1788 miserere
711 1731 780 1788 mei!

490 1878 542 1928 Ad
560 1878 765 1927 elevationem
782 1879 898 1929 calicis.
957 1930 962 1941 ,

238 1980 327 2048 Salve,
345 1982 517 2040 nobilissime
534 1982 655 2055 sanguia,
681 1982 717 2039 de
733 1982 823 2040 latere
841 1981 956 2040 Domini
967 1972 1029 2041 'mei
1046 1983 1114 2040 Jesu
1135 1981 1242 2040 Christi

51 2060 53 2063 ’
153 2063 296 2137 profluens
314 2068 458 2140 omnisque
476 2069 533 2125 sive
552 2068 654 2124 veteris
671 2068 730 2124 sire
747 2082 835 2124 novae
854 2068 953 2140 culpae
970 2068 1093 2124 maculas
1117 2067 1240 2125 diluens:

153 2150 248 2223 ablue,
280 2149 424 2210 sanctifica
451 2157 480 2209 et
508 2151 616 2210 custodi
642 2153 764 2208 animam
791 2167 882 2208 meam
908 2153 938 2208 in
965 2153 1051 2209 vitam
1080 2154 1240 2211 aeternam!
