2730 4748
554 533 613 571 nunu
624 533 703 579 priuata
716 534 743 574 Il.

288 771 354 874 X(
383 767 440 869 ssa
467 764 765 879 §remorabuntur
791 767 1012 872 Deterrimum.

164 962 333 1029 Miserere,
356 958 484 1017 infinitae
504 951 719 1018 'misericordiae
736 961 822 1030 Deus,
845 964 968 1019 omnium
992 979 1063 1034 quae
1087 965 1117 1022 in
1134 966 1196 1024 loco

100 1062 258 1120 poenarum
279 1050 436 1116 purgantur
453 1046 618 1102 animarum.
659 1044 834 1102 Perveniant
854 1046 970 1104 tandem
988 1047 1140 1126 aliquando
1162 1050 1198 1107 ad

103 1134 198 1192 sedem
220 1130 380 1201 maJestatis
402 1139 469 1187 tuae
493 1145 564 1202 quos
591 1129 878 1202 emittuntgemitus3
906 1130 1036 1189 audiatur
1058 1134 1198 1193 ardentis·

103 1221 205 1277 simum
217 1231 317 1274 eorum
327 1211 505 1271 desiderium.
535 1211 575 1270 Ut
592 1229 660 1271 vero
678 1213 781 1287 debito,
800 1217 845 1271 cui
862 1215 1074 1287 obstringuntur
1085 1218 1198 1276 divinae

73 1361 75 1364 Α
102 1303 228 1376 justitiae
246 1304 321 1370 tuae,
339 1298 424 1369 plane
442 1296 580 1368 satisfiat}
594 1296 684 1356 offero
703 1298 755 1355 tibi
777 1299 913 1371 quidquid
932 1301 1092 1359 canssimus
1109 1302 1215 1360 Filius

53 1405 55 1408 ’
101 1394 168 1446 tuus
184 1388 214 1443 in
241 1383 325 1440 terris
346 1399 498 1454 perpessus
517 1390 568 1441 est.
604 1383 664 1440 Pro
684 1384 732 1452 eis,
757 1400 822 1455 qao,
835 1384 871 1442 ab
892 1385 948 1442 illis
970 1387 1102 1457 neglecta
1125 1395 1198 1461 sunt,

19 1536 21 1540 g
53 1495 57 1503 ·
104 1474 215 1544 suscipe
239 1467 442 1526 abundantiam
460 1465 562 1536 Christi
585 1469 769 1535 meritorum3
793 1485 865 1541 quae
887 1468 922 1527 ab
942 1470 998 1527 illis
1024 1471 1077 1529 tibi
1093 1472 1199 1531 infero·

104 1559 208 1616 bantur
225 1544 357 1624 injuriae,
379 1569 432 1623 pro
456 1551 500 1608 his
523 1558 656 1622 acceptos
673 1553 746 1610 habe
764 1553 833 1610 Jesu
851 1553 965 1627 dolores
988 1560 1017 1612 et
1035 1556 1199 1616 vulneraet

103 1648 256 1713 tormenta;
279 1652 350 1708 quas
368 1636 459 1694 adbuc
476 1653 533 1694 uon
552 1635 692 1695 dedorunt
713 1654 836 1711 poenas,
852 1653 900 1696 eas
918 1640 1064 1711 exstingue
1080 1647 1200 1712 propter

104 1727 172 1784 Jesu
197 1727 325 1781 mortem.
366 1721 458 1793 Ipsius
486 1722 599 1792 sanguis
621 1723 849 1795 pretiosissimus,
878 1724 925 1794 qni
951 1740 1029 1781 nune
1057 1727 1087 1781 in
1115 1727 1199 1785 altari

104 1825 238 1883 praesens
256 1812 308 1873 est,
337 1805 456 1875 situlis,
480 1822 596 1878 quaeso,
624 1807 660 1864 ad
674 1807 827 1880 piaculum,
853 1809 988 1880 requiem,
1010 1807 1198 1881 refrigerium.

104 1894 229 1954 Ostende
246 1892 310 1963 illie,
333 1890 461 1961 Domine,
485 1907 569 1962 quam
586 1893 624 1947 sis
646 1893 800 1950 immensae
822 1893 1035 1951 misericordiae
1059 1901 1086 1951 et
1109 1896 1199 1953 incre-

105 1979 199 2038 dibilis
216 1975 359 2044 bonitatis,
377 1979 464 2048 atque
482 1976 573 2033 locum
584 1975 690 2047 praebe
710 1983 845 2034 aeternae
863 1979 1056 2051 recreationis,
1075 1979 1123 2036 ubi
1135 1996 1198 2036 cum

103 2065 214 2124 Sanctis
232 2059 361 2119 omnibus
378 2064 408 2117 te
426 2060 486 2117 sine
504 2058 560 2117 fine
577 2059 694 2117 laudent
712 2066 740 2117 et
759 2059 885 2118 efferant.
921 2063 1021 2133 Amen..

415 2426 477 2509 XI.
528 2423 584 2525 Ji
610 2424 725 2530 figora
750 2423 810 2511 bo
835 2443 888 2511 rit.

190 2619 311 2676 Domino
329 2617 397 2674 Jesu
415 2611 534 2686 Christe
561 2616 616 2674 Fili
633 2617 687 2674 Dei
704 2618 769 2687 vivi,
796 2615 956 2677 firmissima
977 2618 1034 2678 fido
1061 2621 1148 2679 credo
1170 2627 1199 2681 et

104 2703 249 2781 profiteor,
268 2709 297 2760 te
314 2702 360 2760 hic
379 2701 566 2781 corporaliter
584 2707 613 2759 et
628 2701 850 2760 substantialiter
865 2712 1045 2774 praesentem
1063 2707 1092 2762 in
1104 2707 1198 2777 altari,

104 2791 229 2850 hostiam
252 2803 348 2845 veram
370 2791 398 2843 et
419 2786 511 2843 vivam
534 2787 684 2859 immolari,
712 2788 759 2858 qui
781 2803 833 2858 pro
851 2804 897 2844 me
919 2794 1008 2861 natus,
1035 2807 1141 2865 passus,
1169 2793 1198 2848 in

106 2875 195 2933 Cruoe
212 2872 371 2930 immolatus
389 2886 423 2927 ac
440 2875 568 2927 mortuus
585 2871 671 2927 fuisti.
692 2868 738 2929 Te
753 2888 830 2943 ergo,
849 2872 940 2930 Deum
958 2890 1051 2931 meum
1070 2881 1099 2933 et
1114 2874 1198 2933 Orea-

28 2950 57 2981 ·”
105 2967 200 3018 torem
217 2973 250 3014 ac
268 2955 488 3026 Redemptorem
506 2972 609 3027 meum,
631 2956 748 3027 supplex
766 2955 855 3014 adoro
877 2961 908 3014 et
924 2974 1052 3029 veneror,
1076 2976 1110 3018 ac
1128 2960 1198 3018 divi·

106 3060 160 3102 nae
178 3041 321 3114 majestati
339 3047 404 3096 tuae
421 3038 507 3097 corde
529 3039 626 3097 humili
645 3044 673 3097 et
690 3042 811 3098 contrito
829 3057 875 3098 mo
894 3048 1053 3112 prosterno.
1088 3044 1126 3101 Et
1147 3062 1199 3117 per

103 3137 183 3188 tuam
200 3123 423 3193 misericordiam
442 3139 475 3181 ac
492 3126 597 3182 merita
617 3123 728 3182 infinita
749 3141 832 3196 spero
856 3128 1050 3185 remissionem
1073 3131 1198 3186 omnium

104 3218 294 3287 peccatorum,
309 3208 345 3266 de
363 3207 464 3280 quibus
481 3209 590 3267 sincero
608 3208 691 3267 doleo
710 3215 882 3281 propterte,
902 3210 995 3268 Deum
1006 3220 1108 3286 meum,
1127 3230 1198 3270 sum-

105 3314 181 3355 mum
200 3295 305 3353 bouum
325 3292 471 3360 offensum}
490 3293 563 3364 quod
581 3309 644 3362 amo
662 3310 747 3365 super
764 3293 867 3351 omnia.

190 3380 299 3438 ODeus
316 3379 428 3434 animae
446 3394 535 3451 meae,
553 3378 661 3456 gaudeo
679 3379 716 3436 de
729 3378 866 3436 ineffabili
884 3379 976 3451 gloria
986 3386 1015 3438 et
1025 3372 1199 3453 perfectione

105 3477 164 3524 tua.
206 3464 324 3522 Utinam
349 3468 378 3519 te
396 3479 453 3519 una
471 3479 581 3520 mecum
605 3478 702 3520 omnes
728 3470 887 3536 creaturae,
913 3471 945 3521 ut
964 3481 1016 3536 par
1037 3473 1086 3528 est,
1112 3483 1199 3538 agno-

105 3555 194 3622 soant,
217 3554 322 3619 ament,
341 3545 511 3617 glorificent!
542 3546 576 3603 ld
600 3553 678 3605 certe
705 3564 756 3618 ego
778 3549 808 3604 in
832 3555 979 3621 posterum
1001 3549 1141 3617 desidero,
1170 3556 1199 3609 et

106 3651 202 3693 amore
217 3633 266 3707 tui
285 3649 330 3689 me
355 3648 388 3688 ac
409 3648 473 3688 mea
492 3631 586 3688 omnia
608 3632 660 3688 tibi
678 3631 833 3689 humillime
856 3633 942 3690 offero
968 3640 1088 3706 propter
1105 3633 1198 3693 infini-

106 3727 165 3778 tam
182 3719 340 3781 bonitatem
363 3720 392 3774 et
416 3713 551 3773 beneficia
572 3719 629 3788 tua,
653 3733 704 3787 pro
723 3716 828 3788 quibus·
850 3723 879 3774 te
898 3717 982 3775 laudo
1005 3724 1034 3776 et
1050 3719 1198 3795 benedico,

56 3826 62 3831 ’
104 3801 258 3862 ‘rrecaliud
282 3799 434 3872 quidquam
456 3800 574 3858 ulterius
593 3800 642 3857 abs
660 3808 688 3858 te
706 3807 772 3872 peto
794 3807 823 3858 et
844 3817 921 3872 rogo,
945 3820 1029 3874 quam
1051 3810 1082 3860 ut
1104 3809 1198 3862 tecum

105 3905 177 3946 uuus
194 3887 310 3959 spiritus
328 3885 448 3952 efficiam
478 3892 507 3943 et
529 3886 596 3957 quia
619 3887 820 3944 sacramentali
842 3888 1038 3945 communione
1054 3888 1107 3945 tibi
1125 3906 1198 3948 nunc

105 3974 180 4030 uniri
196 3988 255 4029 non
269 3987 391 4053 possum,
410 3970 580 4027 transforma
598 3985 644 4026 me
655 3971 836 4028 nihilominus
852 3976 941 4028 totum
959 3973 988 4028 in
1006 3978 1043 4044 te,
1061 3977 1092 4029 ut
1105 3974 1197 4030 vivam

107 4075 168 4131 ego,
192 4059 252 4129 jam
274 4071 329 4112 non
356 4070 417 4125 ego,
445 4055 521 4110 vivas
543 4070 613 4111 vero
639 4060 668 4110 tu
690 4056 719 4110 in
739 4071 785 4112 me
807 4060 836 4111 et
854 4071 905 4126 ego
920 4052 953 4112 in
971 4064 1024 4137 toa
1037 4064 1066 4113 et
1082 4074 1198 4114 maneas

105 4159 222 4216 mecum,
242 4156 309 4198 -ucc
335 4156 352 4196 a
377 4144 406 4195 te
425 4154 557 4210 umquam
578 4140 713 4211 'separari
740 4156 786 4197 me
814 4141 974 4212 permittas,
1002 4143 1049 4213 qui
1075 4143 1146 4201 vivis
1169 4150 1198 4200 et

105 4243 209 4298 regnas
227 4225 279 4282 etc.
318 4223 419 4281 Arnen.

157 4391 240 4433 mour,
254 4388 360 4427 cautiones
374 4397 446 4426 sacrae.
