2722 4740
537 594 540 600 ,
574 547 632 603 Misus
645 550 723 595 privata
735 550 773 590 111.
824 592 826 597 ‚

286 802 288 805 ,
307 733 352 813 Χ.
403 731 465 833 Ἅι.
487 731 786 820 bommrmorotimm
811 731 1033 839 baioariorum

82 961 84 963 ,
213 899 321 957 Emitte
338 901 429 958 lucem
446 906 533 972 tuam,
551 899 684 974 Domine,
707 900 746 958 ad·
765 900 868 959 fratres
886 904 997 958 nostros
1014 901 1045 957 in
1061 900 1124 958 laco
1141 898 1219 956 solli·

65 987 67 991 ’
119 985 267 1060 citudinis,
293 986 486 1057 poenitentiae
513 991 543 1044 et
566 986 695 1056 caliginis
719 991 833 1044 versant
833 1002 872 1055 es,
899 986 947 1057 qui
972 985 1057 1043 beato
1082 984 1218 1056 adspectu
1251 1049 1254 1054 ,

126 1071 264 1128 claritatis
282 1072 350 1127 tuae
366 1069 458 1133 adhuc
475 1076 580 1130 carent.
613 1073 646 1128 ln
663 1072 758 1144 specie
775 1069 998 1128 misericordiam
1015 1070 1070 1126 illis
1088 1069 1219 1142 imploro,

128 1156 228 1227 quibus
245 1155 291 1213 vel
308 1155 411 1238 caritot
412 1170 428 1212 e
399 1155 490 1213 tvel
507 1154 600 1213 officio
618 1154 758 1231 obligatus
776 1172 838 1212 sum
853 1155 900 1228 (N.
910 1156 971 1228 N.;)
987 1160 1138 1227 praeterea
1154 1154 1217 1223 illis,

128 1256 248 1311 quorum
273 1230 357 1298 nemo
380 1240 501 1311 amplius
528 1256 637 1298 memor
661 1247 706 1298 est
730 1240 813 1311 quive
823 1239 991 1298 liberationi
1008 1244 1073 1297 sunt
1089 1239 1217 1311 proximi
1278 1265 1291 1288 ·.

126 1325 206 1395 ipsos
229 1329 259 1381 et
283 1330 404 1383 ceteros
420 1325 450 1382 in
468 1322 579 1401 Christo
597 1322 743 1382 defunctos
760 1321 886 1382 vinculis
896 1323 1029 1382 liberatos
1047 1324 1082 1381 ad
1099 1339 1218 1394 regnum
1327 1322 1328 1326 ’

47 1415 52 1422 ”
128 1409 265 1466 claritatis
282 1414 348 1490 tuae
364 1408 511 1480 perducas.
1346 1429 1349 1437 ’

212 1492 268 1551 Sed
285 1488 335 1550 nos
353 1509 464 1566 quoque
481 1495 634 1562 miserrimi
648 1498 821 1591 peccatores,
836 1492 891 1563 sac,
910 1424 1129 1566 utaliquando,
1131 1493 1219 1549 inter·

129 1579 254 1636 cessione
280 1577 461 1636 beatissimae
482 1578 625 1650 Virginis
633 1585 663 1635 et
683 1579 809 1636 omnium
834 1577 1002 1635 Sanctorum
1027 1579 1110 1648 vique
1135 1577 1219 1634 meri·

127 1669 220 1720 torum
246 1663 276 1719 in
293 1661 421 1720 Ecclesia
439 1661 639 1735 depositorum,
665 1662 742 1743 beati
763 1670 880 1722 aeterno
904 1678 974 1721 aevo
991 1663 1119 1721 fruamur
1138 1661 1220 1734 simul

129 1764 192 1804 cum
211 1737 339 1805 omnibus
357 1762 374 1804 a
391 1752 420 1805 te
438 1747 542 1807 electis
585 1749 687 1805 Amen.
757 1816 759 1820 ,

430 1945 494 2026 XI.
530 1943 602 2044 Ἅι
628 1942 742 2046 Ἅιιιι
766 1941 826 2030 bri
854 1961 910 2028 tlt.

131 2088 137 2102 ⁹
173 2098 175 2102 ¹
212 2111 280 2169 Sum
303 2112 399 2193 utique
424 2108 562 2181 indignus,
583 2108 705 2168 Domine
722 2111 792 2169 lesu
802 2109 930 2184 Christe,
953 2112 1031 2183 cujus
1049 2111 1078 2166 in
1096 2111 1218 2181 animam

120 2196 232 2271 ,intros3
254 2197 416 2268 inquinatus
434 2195 510 2252 enim
527 2212 588 2253 sum
605 2196 752 2266 permultis
769 2196 929 2273 sceleribus.
958 2195 1009 2274 Ea
1025 2200 1119 2252 autem
1136 2194 1219 2251 vehe-

128 2287 239 2338 menter
257 2280 364 2351 dolens,
382 2280 406 2338 si
423 2284 524 2351 reapte
541 2295 663 2350 veroque
681 2295 737 2336 non
754 2296 876 2353 possum,
894 2284 990 2338 mente
1007 2287 1102 2336 tamen
1120 2279 1220 2336 animi-

28 2366 29 2370 ’
129 2381 183 2437 que
208 2364 348 2423 desiderio
374 2365 457 2436 cupio
483 2379 586 2442 corpus
615 2371 693 2421 tuum
722 2365 871 2435 suscipere.
925 2365 1002 2435 Ergo
1028 2365 1092 2421 veni
1116 2363 1146 2420 in
1171 2378 1220 2420 cor

16 2452 18 2456 ‘
121 2464 220 2507 meum
238 2449 335 2526 ibique
352 2449 496 2520 majestati
513 2454 584 2506 tuae
597 2450 806 2510 ornatissimam
824 2449 1029 2507 habitationem
1047 2463 1197 2519 praepara.

173 2563 174 2566 ¹
214 2536 304 2605 Quam
322 2533 444 2605 pulcher
461 2549 500 2605 es,
528 2549 545 2590 a
562 2536 607 2590 me
625 2534 723 2603 electe,
749 2550 833 2606 quam
851 2533 950 2600 bonus,
974 2549 1058 2605 quam
1076 2532 1219 2594 amabilis!
1270 2570 1271 2573 =

1 2631 4 2665 2
39 2683 41 2686 Α
130 2618 152 2677 0
172 2619 274 2676 unicae
292 2619 433 2691 deliciae,¹
448 2633 465 2674 o
482 2619 551 2688 vita,
576 2618 754 2688 oguudium,
780 2634 924 2676 asumma
939 2616 1115 2690 jucunditas!
1138 2615 1221 2693 Gom·

128 2704 240 2774 plector
258 2710 287 2761 te
306 2708 389 2774 quam
406 2718 520 2774 possum
533 2702 785 2764 uehementissime
802 2705 936 2761 caritate:
965 2719 1032 2760 nam
1053 2707 1086 2758 tu
1109 2718 1139 2759 es
1156 2700 1219 2760 fons

128 2787 257 2846 bonitate
284 2793 314 2862 et
337 2795 454 2845 aeterno
477 2804 574 2845 amora
596 2782 861 2859 abundantissimus,
892 2788 971 2857 origo
989 2787 1078 2845 omnis
1095 2785 1220 2858 pulchri-

128 2872 233 2930 tudinis
252 2872 387 2930 absoluta.
420 2870 532 2943 Ecquid
550 2871 664 2929 tandem
683 2871 780 2930 abste
798 2890 844 2931 me
862 2871 1025 2942 separabit?
1043 2872 1220 2943 Voluptasne

128 2957 230 3030 brevis,
257 2974 325 3029 opes
351 2957 485 3028 caducae,
510 2956 650 3014 honorum
676 2957 795 3030 vanitas,
821 2973 914 3029 nugae
940 2952 1106 3014 terrarum?
1133 2956 1219 3028 Nihil,

30 3098 32 3104 ,
129 3044 243 3099 omnino
261 3043 331 3098 nibil
348 3059 394 3099 me
413 3042 532 3113 amplius
551 3058 568 3098 a
586 3046 614 3099 te
633 3036 785 3113 separabit,
803 3058 856 3099 neo
873 3041 1036 3112 praesentia
1050 3038 1220 3112 necfutura,

120 3126 220 3198 'neque
245 3143 322 3184 mors
348 3142 439 3198 neque
465 3127 524 3205 ulla
549 3124 672 3183 fortuna.
723 3126 807 3184 Dona
831 3126 900 3182 mihi
925 3126 1046 3198 gratiam
1072 3132 1162 3197 tuam,
1189 3130 1221 3182 ut

130 3227 213 3284 quam
239 3211 405 3268 brevissimo
430 3216 558 3282 tempore
585 3227 654 3268 cum
671 3211 848 3291 convenienti
866 3210 1052 3283 perfectaque
1070 3210 1220 3268 devotione

129 3314 163 3355 ss.
183 3298 637 3367 sacramentum'tuumsumam,
664 3312 719 3367 qno
737 3301 872 3352 sanentur
890 3312 986 3353 omnes
1004 3296 1107 3367 plagae
1125 3294 1219 3351 animo
1247 3293 1249 3296 ⁴
1302 3340 1305 3346 .
1325 3331 1327 3334 -

128 3398 192 3438 meo
210 3381 337 3451 peccatis
354 3376 493 3453 inflictae;
515 3385 546 3437 tu
561 3381 620 3450 jam
638 3380 787 3453 medearis,
805 3396 883 3453 rogo,
901 3382 955 3437 toti
973 3378 1123 3452 fragilitati
1137 3393 1220 3435 meae

69 3489 73 3499 ·
128 3472 157 3522 et
175 3461 211 3522 ab
229 3466 358 3522 omnibus
375 3463 509 3535 periculis
527 3480 572 3521 me
594 3465 708 3521 tuearis.
753 3465 852 3522 Amen.

171 3940 276 4007 15ssuui
292 3926 480 4012 &umbe-us,
498 3953 544 3994 me
577 3948 620 3993 a·
637 3897 733 3994 ιιιό-
756 3954 788 3995 re
846 3936 917 3994 Ul·
938 3941 984 3993 tro
1003 3936 1132 4007 comple-
1121 3943 1200 3994 -ct-e
1217 3906 1221 3912 ³

250 4024 275 4082 2.
311 4022 334 4080 0
370 4021 433 4078 dul·
424 4023 480 4078 -cis
506 4022 561 4080 Je·
550 4038 615 4094 s·u,
644 4038 726 4079 ve·
756 4023 801 4078 ni
850 4023 884 4078 In
938 4037 1003 4079 cor-
992 4021 1054 4078 -dis
1086 4021 1134 4078 le·
1139 4026 1200 4078 ctu-
