<?xml version="1.0" encoding="UTF-8"?>
<!DOCTYPE html PUBLIC "-//W3C//DTD XHTML 1.0 Transitional//EN"
    "http://www.w3.org/TR/xhtml1/DTD/xhtml1-transitional.dtd">
<html xmlns="http://www.w3.org/1999/xhtml" xml:lang="en" lang="en">
 <head>
  <title>
</title>
<meta http-equiv="Content-Type" content="text/html;charset=utf-8" />
  <meta name='ocr-system' content='tesseract 3.04.00' />
  <meta name='ocr-capabilities' content='ocr_page ocr_carea ocr_par ocr_line ocrx_word'/>
</head>
<body>
  <div class='ocr_page' id='page_1' title='image "./cantionessacrae00mohrgoog/cantionessacrae00mohrgoog_0335.png"; bbox 0 0 2730 4748; ppageno 0'>
   <div class='ocr_carea' id='block_1_1' title="bbox 304 1788 1215 1885">
    <p class='ocr_par' dir='ltr' id='par_1_1' title="bbox 304 1782 1215 1885">
     <span class='ocr_line' id='line_1_1' title="bbox 304 1788 1215 1885; baseline 0.007 -18"><span class='ocrx_word' id='word_1_1' title='bbox 304 1811 432 1868; x_wconf 79' lang='lat' dir='ltr'>dan-tes</span> <span class='ocrx_word' id='word_1_2' title='bbox 475 1825 507 1867; x_wconf 90' lang='lat' dir='ltr'>so</span> <span class='ocrx_word' id='word_1_3' title='bbox 529 1839 542 1850; x_wconf 93' lang='lat'>·</span> <span class='ocrx_word' id='word_1_4' title='bbox 564 1809 589 1866; x_wconf 91' lang='lat' dir='ltr'>ci</span> <span class='ocrx_word' id='word_1_5' title='bbox 610 1839 622 1851; x_wconf 95' lang='lat'>-</span> <span class='ocrx_word' id='word_1_6' title='bbox 645 1808 681 1864; x_wconf 77' lang='lat' dir='ltr'>an</span> <span class='ocrx_word' id='word_1_7' title='bbox 711 1840 724 1852; x_wconf 93' lang='lat'><strong>·</strong></span> <span class='ocrx_word' id='word_1_8' title='bbox 753 1813 813 1877; x_wconf 81' lang='lat' dir='ltr'>tar3</span> <span class='ocrx_word' id='word_1_9' title='bbox 844 1809 901 1866; x_wconf 90' lang='lat' dir='ltr'>Per</span> <span class='ocrx_word' id='word_1_10' title='bbox 944 1788 1044 1882; x_wconf 77' lang='lat' dir='ltr'>spa-ti</span> <span class='ocrx_word' id='word_1_11' title='bbox 1066 1829 1129 1882; x_wconf 90' lang='lat' dir='ltr'>·a‚</span> <span class='ocrx_word' id='word_1_12' title='bbox 1163 1832 1215 1885; x_wconf 88' lang='lat' dir='ltr'>per</span> 
     </span>
    </p>
   </div>
   <div class='ocr_carea' id='block_1_2' title="bbox 531 3078 895 3181">
    <p class='ocr_par' dir='ltr' id='par_1_2' title="bbox 531 3078 895 3181">
     <span class='ocr_line' id='line_1_2' title="bbox 531 3078 895 3181; baseline 0.011 -19"><span class='ocrx_word' id='word_1_13' title='bbox 531 3084 606 3162; x_wconf 84' lang='lat' dir='ltr'><strong>VII.</strong></span> <span class='ocrx_word' id='word_1_14' title='bbox 658 3081 714 3181; x_wconf 65' lang='lat' dir='ltr'>Ji</span> <span class='ocrx_word' id='word_1_15' title='bbox 741 3078 895 3168; x_wconf 69' lang='lat' dir='ltr'>ianuae.</span> 
     </span>
    </p>
   </div>
   <div class='ocr_carea' id='block_1_3' title="bbox 110 3220 1282 4389">
    <p class='ocr_par' dir='ltr' id='par_1_3' title="bbox 172 3220 1260 3552">
     <span class='ocr_line' id='line_1_3' title="bbox 257 3220 1260 3294; baseline 0.01 -15"><span class='ocrx_word' id='word_1_16' title='bbox 257 3220 478 3280; x_wconf 77' lang='lat' dir='ltr'>clementissime</span> <span class='ocrx_word' id='word_1_17' title='bbox 495 3222 591 3292; x_wconf 88' lang='lat' dir='ltr'>Pater,</span> <span class='ocrx_word' id='word_1_18' title='bbox 614 3225 724 3294; x_wconf 82' lang='lat' dir='ltr'><strong>suscipe</strong></span> <span class='ocrx_word' id='word_1_19' title='bbox 741 3224 796 3281; x_wconf 94' lang='lat' dir='ltr'>hoc</span> <span class='ocrx_word' id='word_1_20' title='bbox 813 3230 1021 3282; x_wconf 89' lang='lat' dir='ltr'>sacrosanctum</span> <span class='ocrx_word' id='word_1_21' title='bbox 1040 3226 1206 3286; x_wconf 89' lang='lat' dir='ltr'>sacrificium</span> <span class='ocrx_word' id='word_1_22' title='bbox 1225 3232 1260 3289; x_wconf 87' lang='lat' dir='ltr'>do</span> 
     </span>
     <span class='ocr_line' id='line_1_4' title="bbox 173 3306 1259 3384; baseline 0.006 -18"><span class='ocrx_word' id='word_1_23' title='bbox 173 3324 258 3366; x_wconf 87' lang='lat' dir='ltr'>manu</span> <span class='ocrx_word' id='word_1_24' title='bbox 275 3306 438 3375; x_wconf 85' lang='lat' dir='ltr'>sacerdotis,</span> <span class='ocrx_word' id='word_1_25' title='bbox 465 3309 494 3363; x_wconf 92' lang='lat' dir='ltr'>in</span> <span class='ocrx_word' id='word_1_26' title='bbox 520 3307 622 3364; x_wconf 90' lang='lat' dir='ltr'>unione</span> <span class='ocrx_word' id='word_1_27' title='bbox 648 3310 821 3366; x_wconf 88' lang='lat' dir='ltr'>sacrosancti</span> <span class='ocrx_word' id='word_1_28' title='bbox 845 3309 920 3366; x_wconf 87' lang='lat' dir='ltr'>illius</span> <span class='ocrx_word' id='word_1_29' title='bbox 942 3308 1084 3381; x_wconf 84' lang='lat' dir='ltr'>sacrificii,</span> <span class='ocrx_word' id='word_1_30' title='bbox 1110 3314 1186 3384; x_wconf 86' lang='lat' dir='ltr'>quod</span> <span class='ocrx_word' id='word_1_31' title='bbox 1208 3315 1259 3372; x_wconf 85' lang='lat' dir='ltr'>tibi</span> 
     </span>
     <span class='ocr_line' id='line_1_5' title="bbox 172 3390 1258 3469; baseline 0.004 -18"><span class='ocrx_word' id='word_1_32' title='bbox 172 3394 291 3451; x_wconf 89' lang='lat' dir='ltr'>dilectus</span> <span class='ocrx_word' id='word_1_33' title='bbox 308 3390 397 3447; x_wconf 85' lang='lat' dir='ltr'>Filius</span> <span class='ocrx_word' id='word_1_34' title='bbox 414 3394 558 3448; x_wconf 80' lang='lat' dir='ltr'>tuustota</span> <span class='ocrx_word' id='word_1_35' title='bbox 574 3393 640 3463; x_wconf 80' lang='lat' dir='ltr'>uita,</span> <span class='ocrx_word' id='word_1_36' title='bbox 657 3391 686 3446; x_wconf 93' lang='lat' dir='ltr'>in</span> <span class='ocrx_word' id='word_1_37' title='bbox 702 3393 801 3449; x_wconf 91' lang='lat' dir='ltr'>ultima</span> <span class='ocrx_word' id='word_1_38' title='bbox 818 3409 915 3462; x_wconf 88' lang='lat' dir='ltr'>coena,</span> <span class='ocrx_word' id='word_1_39' title='bbox 934 3395 964 3450; x_wconf 92' lang='lat' dir='ltr'>in</span> <span class='ocrx_word' id='word_1_40' title='bbox 979 3392 1070 3453; x_wconf 83' lang='lat' dir='ltr'>Cruce</span> <span class='ocrx_word' id='word_1_41' title='bbox 1087 3397 1190 3454; x_wconf 92' lang='lat' dir='ltr'>obtulit</span> <span class='ocrx_word' id='word_1_42' title='bbox 1206 3415 1258 3469; x_wconf 90' lang='lat' dir='ltr'>pro</span> 
     </span>
     <span class='ocr_line' id='line_1_6' title="bbox 172 3472 1227 3552; baseline 0.004 -16"><span class='ocrx_word' id='word_1_43' title='bbox 172 3494 227 3550; x_wconf 94' lang='lat' dir='ltr'>me,</span> <span class='ocrx_word' id='word_1_44' title='bbox 244 3491 297 3548; x_wconf 91' lang='lat' dir='ltr'>pro</span> <span class='ocrx_word' id='word_1_45' title='bbox 314 3475 351 3533; x_wconf 91' lang='lat' dir='ltr'>N.</span> <span class='ocrx_word' id='word_1_46' title='bbox 369 3475 405 3532; x_wconf 91' lang='lat' dir='ltr'>N.</span> <span class='ocrx_word' id='word_1_47' title='bbox 424 3480 453 3532; x_wconf 93' lang='lat' dir='ltr'>et</span> <span class='ocrx_word' id='word_1_48' title='bbox 471 3472 607 3542; x_wconf 88' lang='lat' dir='ltr'>omnibus,</span> <span class='ocrx_word' id='word_1_49' title='bbox 626 3476 672 3546; x_wconf 88' lang='lat' dir='ltr'>qui</span> <span class='ocrx_word' id='word_1_50' title='bbox 689 3480 737 3532; x_wconf 90' lang='lat' dir='ltr'>tua</span> <span class='ocrx_word' id='word_1_51' title='bbox 755 3493 828 3533; x_wconf 90' lang='lat' dir='ltr'>nunc</span> <span class='ocrx_word' id='word_1_52' title='bbox 845 3479 936 3549; x_wconf 80' lang='lat' dir='ltr'>gratia</span> <span class='ocrx_word' id='word_1_53' title='bbox 952 3481 1075 3537; x_wconf 85' lang='lat' dir='ltr'>maxime</span> <span class='ocrx_word' id='word_1_54' title='bbox 1092 3481 1227 3552; x_wconf 82' lang='lat' dir='ltr'>indigent.</span> 
     </span>
    </p>

    <p class='ocr_par' dir='ltr' id='par_1_4' title="bbox 110 3557 1282 4389">
     <span class='ocr_line' id='line_1_7' title="bbox 257 3557 1261 3638; baseline 0.008 -22"><span class='ocrx_word' id='word_1_55' title='bbox 257 3559 376 3631; x_wconf 81' lang='lat' dir='ltr'>Respice</span> <span class='ocrx_word' id='word_1_56' title='bbox 393 3559 423 3616; x_wconf 94' lang='lat' dir='ltr'>in</span> <span class='ocrx_word' id='word_1_57' title='bbox 440 3558 541 3616; x_wconf 81' lang='lat' dir='ltr'>faciem</span> <span class='ocrx_word' id='word_1_58' title='bbox 553 3557 667 3630; x_wconf 83' lang='lat' dir='ltr'>Christi,</span> <span class='ocrx_word' id='word_1_59' title='bbox 683 3559 778 3617; x_wconf 91' lang='lat' dir='ltr'>dilecti</span> <span class='ocrx_word' id='word_1_60' title='bbox 795 3561 860 3617; x_wconf 86' lang='lat' dir='ltr'>Filii</span> <span class='ocrx_word' id='word_1_61' title='bbox 877 3563 927 3632; x_wconf 91' lang='lat' dir='ltr'>tui,</span> <span class='ocrx_word' id='word_1_62' title='bbox 945 3564 975 3618; x_wconf 93' lang='lat' dir='ltr'>in</span> <span class='ocrx_word' id='word_1_63' title='bbox 994 3578 1049 3634; x_wconf 88' lang='lat' dir='ltr'>quo</span> <span class='ocrx_word' id='word_1_64' title='bbox 1067 3564 1119 3621; x_wconf 93' lang='lat' dir='ltr'>tibi</span> <span class='ocrx_word' id='word_1_65' title='bbox 1137 3566 1261 3638; x_wconf 89' lang='lat' dir='ltr'>compla-</span> 
     </span>
     <span class='ocr_line' id='line_1_8' title="bbox 174 3643 1261 3719; baseline 0.005 -16"><span class='ocrx_word' id='word_1_66' title='bbox 174 3647 264 3717; x_wconf 89' lang='lat' dir='ltr'>cuisti,</span> <span class='ocrx_word' id='word_1_67' title='bbox 292 3651 320 3702; x_wconf 89' lang='lat' dir='ltr'>et</span> <span class='ocrx_word' id='word_1_68' title='bbox 345 3661 398 3715; x_wconf 89' lang='lat' dir='ltr'>per</span> <span class='ocrx_word' id='word_1_69' title='bbox 422 3649 567 3701; x_wconf 77' lang='lat' dir='ltr'>aeternam</span> <span class='ocrx_word' id='word_1_70' title='bbox 592 3643 781 3715; x_wconf 86' lang='lat' dir='ltr'>dilectionem,</span> <span class='ocrx_word' id='word_1_71' title='bbox 809 3662 865 3718; x_wconf 91' lang='lat' dir='ltr'>qua</span> <span class='ocrx_word' id='word_1_72' title='bbox 885 3662 937 3704; x_wconf 88' lang='lat' dir='ltr'>uos</span> <span class='ocrx_word' id='word_1_73' title='bbox 955 3646 1061 3717; x_wconf 80' lang='lat' dir='ltr'>diligis;</span> <span class='ocrx_word' id='word_1_74' title='bbox 1082 3665 1135 3719; x_wconf 91' lang='lat' dir='ltr'>per</span> <span class='ocrx_word' id='word_1_75' title='bbox 1151 3649 1261 3708; x_wconf 87' lang='lat' dir='ltr'>infinita</span> 
     </span>
     <span class='ocr_line' id='line_1_9' title="bbox 173 3725 1261 3807; baseline 0.005 -20"><span class='ocrx_word' id='word_1_76' title='bbox 173 3732 276 3787; x_wconf 92' lang='lat' dir='ltr'>merita</span> <span class='ocrx_word' id='word_1_77' title='bbox 302 3728 426 3798; x_wconf 91' lang='lat' dir='ltr'>ejusdem</span> <span class='ocrx_word' id='word_1_78' title='bbox 445 3725 590 3798; x_wconf 80' lang='lat' dir='ltr'>Unigeniti</span> <span class='ocrx_word' id='word_1_79' title='bbox 608 3729 662 3800; x_wconf 72' lang='lat' dir='ltr'>tui,</span> <span class='ocrx_word' id='word_1_80' title='bbox 691 3744 744 3798; x_wconf 90' lang='lat' dir='ltr'>per</span> <span class='ocrx_word' id='word_1_81' title='bbox 769 3730 829 3799; x_wconf 86' lang='lat' dir='ltr'>ejus</span> <span class='ocrx_word' id='word_1_82' title='bbox 846 3732 1078 3801; x_wconf 75' lang='lat' dir='ltr'>incarnationem,</span> <span class='ocrx_word' id='word_1_83' title='bbox 1101 3734 1261 3807; x_wconf 88' lang='lat' dir='ltr'>adventum,</span> 
     </span>
     <span class='ocr_line' id='line_1_10' title="bbox 173 3812 1282 3890; baseline 0.005 -19"><span class='ocrx_word' id='word_1_84' title='bbox 173 3815 359 3882; x_wconf 76' lang='lat' dir='ltr'>nativitatem,</span> <span class='ocrx_word' id='word_1_85' title='bbox 379 3812 628 3881; x_wconf 82' lang='lat' dir='ltr'>circumcisionem,</span> <span class='ocrx_word' id='word_1_86' title='bbox 654 3812 792 3885; x_wconf 79' lang='lat' dir='ltr'>lacrimas,</span> <span class='ocrx_word' id='word_1_87' title='bbox 808 3813 929 3888; x_wconf 85' lang='lat' dir='ltr'>labores,</span> <span class='ocrx_word' id='word_1_88' title='bbox 944 3816 1113 3887; x_wconf 89' lang='lat' dir='ltr'>passionem,</span> <span class='ocrx_word' id='word_1_89' title='bbox 1128 3824 1260 3890; x_wconf 86' lang='lat' dir='ltr'>mortem;</span> <span class='ocrx_word' id='word_1_90' title='bbox 1276 3851 1282 3864; x_wconf 93' lang='lat'><strong>·</strong></span> 
     </span>
     <span class='ocr_line' id='line_1_11' title="bbox 173 3895 1261 3970; baseline 0.004 -14"><span class='ocrx_word' id='word_1_91' title='bbox 173 3914 226 3970; x_wconf 90' lang='lat' dir='ltr'>per</span> <span class='ocrx_word' id='word_1_92' title='bbox 249 3897 389 3954; x_wconf 89' lang='lat' dir='ltr'>infinitam</span> <span class='ocrx_word' id='word_1_93' title='bbox 414 3895 534 3968; x_wconf 88' lang='lat' dir='ltr'>denique</span> <span class='ocrx_word' id='word_1_94' title='bbox 561 3897 718 3963; x_wconf 85' lang='lat' dir='ltr'>caritatem,</span> <span class='ocrx_word' id='word_1_95' title='bbox 745 3915 801 3970; x_wconf 90' lang='lat' dir='ltr'>qua</span> <span class='ocrx_word' id='word_1_96' title='bbox 818 3904 898 3956; x_wconf 89' lang='lat' dir='ltr'>tanto</span> <span class='ocrx_word' id='word_1_97' title='bbox 914 3916 966 3969; x_wconf 89' lang='lat' dir='ltr'>pro</span> <span class='ocrx_word' id='word_1_98' title='bbox 984 3915 1029 3956; x_wconf 87' lang='lat' dir='ltr'>me</span> <span class='ocrx_word' id='word_1_99' title='bbox 1046 3899 1122 3970; x_wconf 86' lang='lat' dir='ltr'>fecit,</span> <span class='ocrx_word' id='word_1_100' title='bbox 1141 3901 1211 3958; x_wconf 85' lang='lat' dir='ltr'>dixit</span> <span class='ocrx_word' id='word_1_101' title='bbox 1228 3919 1261 3960; x_wconf 93' lang='lat' dir='ltr'>ac</span> 
     </span>
     <span class='ocr_line' id='line_1_12' title="bbox 173 3981 1262 4058; baseline 0.005 -18"><span class='ocrx_word' id='word_1_102' title='bbox 173 3998 324 4054; x_wconf 86' lang='lat' dir='ltr'>perpessus</span> <span class='ocrx_word' id='word_1_103' title='bbox 342 3988 398 4038; x_wconf 87' lang='lat' dir='ltr'>est:</span> <span class='ocrx_word' id='word_1_104' title='bbox 420 3998 472 4052; x_wconf 92' lang='lat' dir='ltr'>per</span> <span class='ocrx_word' id='word_1_105' title='bbox 489 3981 590 4038; x_wconf 88' lang='lat' dir='ltr'>merita</span> <span class='ocrx_word' id='word_1_106' title='bbox 609 3983 694 4038; x_wconf 90' lang='lat' dir='ltr'>etiam</span> <span class='ocrx_word' id='word_1_107' title='bbox 706 3981 873 4040; x_wconf 88' lang='lat' dir='ltr'>Sanctorum</span> <span class='ocrx_word' id='word_1_108' title='bbox 889 3985 1012 4040; x_wconf 90' lang='lat' dir='ltr'>omnium</span> <span class='ocrx_word' id='word_1_109' title='bbox 1027 3985 1262 4058; x_wconf 83' lang='lat' dir='ltr'>triumphantium</span> 
     </span>
     <span class='ocr_line' id='line_1_13' title="bbox 176 4065 1263 4137; baseline 0.006 -14"><span class='ocrx_word' id='word_1_110' title='bbox 176 4072 204 4123; x_wconf 91' lang='lat' dir='ltr'>et</span> <span class='ocrx_word' id='word_1_111' title='bbox 225 4065 416 4137; x_wconf 88' lang='lat' dir='ltr'>militantium,</span> <span class='ocrx_word' id='word_1_112' title='bbox 434 4071 574 4123; x_wconf 89' lang='lat' dir='ltr'>memento</span> <span class='ocrx_word' id='word_1_113' title='bbox 593 4072 622 4123; x_wconf 88' lang='lat' dir='ltr'>et</span> <span class='ocrx_word' id='word_1_114' title='bbox 640 4067 774 4124; x_wconf 87' lang='lat' dir='ltr'>miserere</span> <span class='ocrx_word' id='word_1_115' title='bbox 791 4067 938 4124; x_wconf 88' lang='lat' dir='ltr'>Ecclesiae</span> <span class='ocrx_word' id='word_1_116' title='bbox 956 4074 1031 4137; x_wconf 89' lang='lat' dir='ltr'>tuae,</span> <span class='ocrx_word' id='word_1_117' title='bbox 1048 4071 1149 4127; x_wconf 89' lang='lat' dir='ltr'>summi</span> <span class='ocrx_word' id='word_1_118' title='bbox 1165 4071 1263 4129; x_wconf 90' lang='lat' dir='ltr'>Ponti·</span> 
     </span>
     <span class='ocr_line' id='line_1_14' title="bbox 127 4148 1262 4229; baseline 0.006 -22"><span class='ocrx_word' id='word_1_119' title='bbox 127 4166 129 4170; x_wconf 89' lang='lat'>·</span> <span class='ocrx_word' id='word_1_120' title='bbox 174 4149 244 4221; x_wconf 88' lang='lat' dir='ltr'>ficis,</span> <span class='ocrx_word' id='word_1_121' title='bbox 269 4150 475 4219; x_wconf 83' lang='lat' dir='ltr'>Praelatorum,</span> <span class='ocrx_word' id='word_1_122' title='bbox 502 4148 674 4221; x_wconf 89' lang='lat' dir='ltr'>Principum,</span> <span class='ocrx_word' id='word_1_123' title='bbox 700 4151 824 4207; x_wconf 90' lang='lat' dir='ltr'>omnium</span> <span class='ocrx_word' id='word_1_124' title='bbox 850 4156 973 4207; x_wconf 85' lang='lat' dir='ltr'>statutun</span> <span class='ocrx_word' id='word_1_125' title='bbox 1000 4152 1262 4229; x_wconf 90' lang='lat' dir='ltr'>ecclesiasticorum,</span> 
     </span>
     <span class='ocr_line' id='line_1_15' title="bbox 110 4234 1264 4307; baseline 0.005 -15"><span class='ocrx_word' id='word_1_126' title='bbox 110 4276 114 4285; x_wconf 80' lang='grc'><strong>.</strong></span> <span class='ocrx_word' id='word_1_127' title='bbox 175 4236 384 4306; x_wconf 84' lang='lat' dir='ltr'>religiosorum,</span> <span class='ocrx_word' id='word_1_128' title='bbox 410 4234 609 4303; x_wconf 88' lang='lat' dir='ltr'>saecularium,</span> <span class='ocrx_word' id='word_1_129' title='bbox 644 4235 693 4306; x_wconf 85' lang='lat' dir='ltr'>qui</span> <span class='ocrx_word' id='word_1_130' title='bbox 720 4235 840 4292; x_wconf 85' lang='lat' dir='ltr'>maxime</span> <span class='ocrx_word' id='word_1_131' title='bbox 866 4241 982 4307; x_wconf 90' lang='lat' dir='ltr'>possunt</span> <span class='ocrx_word' id='word_1_132' title='bbox 1010 4237 1118 4307; x_wconf 82' lang='lat' dir='ltr'>gloriae</span> <span class='ocrx_word' id='word_1_133' title='bbox 1144 4243 1209 4298; x_wconf 89' lang='lat' dir='ltr'>tuae</span> <span class='ocrx_word' id='word_1_134' title='bbox 1235 4247 1264 4298; x_wconf 89' lang='lat' dir='ltr'>et</span> 
     </span>
     <span class='ocr_line' id='line_1_16' title="bbox 174 4316 769 4389; baseline -0.003 -13"><span class='ocrx_word' id='word_1_135' title='bbox 174 4319 258 4376; x_wconf 89' lang='lat' dir='ltr'>saluti</span> <span class='ocrx_word' id='word_1_136' title='bbox 275 4319 431 4376; x_wconf 89' lang='lat' dir='ltr'>animarum</span> <span class='ocrx_word' id='word_1_137' title='bbox 449 4316 584 4389; x_wconf 87' lang='lat' dir='ltr'>p&#39;rodesse</span> <span class='ocrx_word' id='word_1_138' title='bbox 600 4319 645 4375; x_wconf 86' lang='lat' dir='ltr'>rel</span> <span class='ocrx_word' id='word_1_139' title='bbox 662 4319 769 4376; x_wconf 88' lang='lat' dir='ltr'>obesse.</span> 
     </span>
    </p>
   </div>
   <div class='ocr_carea' id='block_1_4' title="bbox 1070 4418 1119 4468">
    <p class='ocr_par' dir='ltr' id='par_1_5' title="bbox 1070 4418 1119 4468">
     <span class='ocr_line' id='line_1_17' title="bbox 1070 4418 1119 4468; baseline 0.02 -1"><span class='ocrx_word' id='word_1_140' title='bbox 1070 4418 1119 4468; x_wconf 66' lang='lat'>21*</span> 
     </span>
    </p>
   </div>
   <div class='ocr_carea' id='block_1_5' title="bbox 0 0 1372 4748">
    <p class='ocr_par' dir='ltr' id='par_1_6' title="bbox 0 0 1372 4748">
     <span class='ocr_line' id='line_1_18' title="bbox 0 0 1372 4748; baseline 0 0"><span class='ocrx_word' id='word_1_141' title='bbox 0 0 1372 4748; x_wconf 95' lang='lat' dir='ltr'> </span> 
     </span>
    </p>
   </div>
  </div>
 </body>
</html>
