2722 4740
562 976 650 1098 ,ι’

441 1121 487 1163 am
563 1105 593 1161 in
644 1084 751 1162 cou-
810 1077 863 1174 spe‘
945 1132 958 1146 ·

685 2384 688 2450 Ι
752 2388 756 2451 Ι

196 2449 328 2516 Deposito
346 2447 447 2503 feretro
465 2449 494 2504 in
511 2450 599 2504 medio
618 2449 766 2517 Ecclesiae,
790 2456 818 2504 et
834 2449 921 2504 cereis
938 2448 1061 2504 accensis
1078 2450 1150 2503 circa
1167 2463 1226 2502 cor·

130 2531 189 2584 pus,
219 2517 318 2582 statim,
348 2517 400 2575 nisi
424 2518 488 2585 quid
510 2517 649 2585 impediat,
675 2519 781 2572 dicatur
804 2517 930 2572 Officium
952 2517 1133 2579 Mor-tuorum,
1163 2530 1223 2569 cnm

96 2643 100 2649 ,
130 2585 216 2639 tribus
233 2583 389 2649 Nocturnis,
403 2592 435 2638 'et
451 2585 596 2640 Laudibus.
903 2600 910 2614 ⁹
1231 2599 1234 2603 ·

197 2649 240 2705 Ad
262 2650 343 2706 finem
362 2651 452 2706 Officii
473 2659 536 2721 post
552 2653 735 2722 Antiphonem
754 2653 859 2708 Cantici
882 2651 1136 2719 ‚,Benedictus“
1154 2651 1227 2720 Ego

131 2735 199 2774 sum
216 2721 421 2775 resurrectio
439 2728 488 2776 etc.
507 2721 618 2777 dicitur:
804 2760 806 2764 ,

214 2809 300 2867 Pater
317 2816 415 2868 noster
431 2821 535 2874 (semo).

174 2915 177 2921 ·
214 2888 249 2960 u.
293 2894 331 2952 Et
347 2911 384 2952 ne
402 2912 454 2953 nos
470 2895 587 2954 iuddcas
608 2896 638 2952 in
655 2896 851 2954 tentatidnem.

216 2977 251 3049 R.
281 2976 352 3037 'Sed
370 2979 461 3038 libera
477 2998 528 3038 nos
546 2998 564 3039 a
580 2979 664 3038 malo.
788 2981 793 2990 '

101 3072 104 3075 ’
193 3056 251 3133 ii.
294 3063 422 3136 Aporta
438 3064 531 3124 inieci.

215 3146 250 3218 R.
294 3147 380 3219 Erue,
398 3148 529 3223 Domine,
546 3150 669 3207 animam
686 3147 755 3226 ejus.

217 3226 253 3300 u.
297 3233 466 3306 Requiescat
482 3236 512 3292 in
529 3251 610 3307 pace.

216 3317 251 3388 R.
296 3317 397 3377 Amen.
991 3365 993 3369 .

215 3395 250 3469 u.
294 3402 425 3476 Domine,
443 3402 546 3461 exaudi
563 3403 721 3461 oraticnem
739 3391 839 3461 meam.
936 3406 939 3410 ’

215 3486 250 3557 R.
292 3487 332 3544 Et
349 3489 455 3546 clamor
472 3504 552 3546 mens
570 3486 607 3544 ad
624 3492 653 3545 te
670 3486 773 3546 veniat.
843 3514 845 3521 ·
956 3503 970 3544 r

57 3604 60 3609 ¹
109 3632 112 3635 ,
185 3565 251 3631 V.
294 3569 432 3631 deinus
448 3571 602 3631 vobiscum.
647 3634 649 3637 .

218 3656 253 3727 R.
297 3657 336 3714 Et
353 3673 417 3714 cum
435 3656 538 3730 spiritu
554 3662 612 3715 tuo.
1103 3695 1107 3700 -
1139 3691 1142 3698 -

220 3740 368 3800 Oramus.
412 3741 438 3799 A
458 3738 544 3812 sdlve,
567 3741 743 3813 quaesumus,
765 3739 895 3814 Domine,
917 3740 1042 3798 animam
1065 3739 1163 3798 famuli
1184 3740 1228 3797 tui
1255 3801 1257 3807 ,

64 3886 71 3895 ,
132 3825 168 3883 ab
185 3826 263 3883 omni
279 3824 429 3883 vinculod
470 3827 593 3884 ctdrum:
616 3830 648 3882 ut
665 3826 695 3882 in
716 3824 930 3884 resurrectidnis
955 3826 1048 3897 gloria
1065 3821 1140 3883 inter
1155 3824 1224 3883 San·
1337 3865 1349 3888 ‚-

133 3915 193 3967 ctos
211 3916 241 3968 et
256 3910 370 3968 Electus
387 3917 452 3969 tuos
468 3910 652 3969 resuscitatus
670 3910 799 3982 respiret.
836 3911 897 3968 *Per
913 3909 1056 3968 Christum
1074 3907 1227 3967 deinum
1308 3921 1323 3938 ³

116 3997 267 4052 nostrum.
286 4028 327 4036 -
345 3995 380 4066 R.
415 3996 516 4054 Amen.
558 3992 560 3995 ’
586 4025 589 4031 .
1325 3999 1326 4003 ’

172 4142 173 4147 ,
199 4088 271 4143 Dum
289 4090 318 4142 in
336 4089 433 4143 Officio
456 4090 581 4144 dicuntur
599 4088 712 4154 Laudes,
736 4088 867 4143 Sacerdos
885 4105 946 4142 cum
964 4089 1096 4143 ministris
1114 4093 1229 4156 paratur

0 4170 11 4227 j
53 4192 54 4195 ,
133 4153 167 4208 ad
186 4157 374 4214 celebrandam
391 4157 504 4212 Missam
523 4158 670 4212 solemnem
688 4173 738 4225 pro
756 4155 891 4219 defuncto,
914 4157 937 4211 si
955 4165 1062 4224 tempus
1074 4170 1229 4224 congruens
1326 4153 1335 4162 ’

117 4222 221 4284 ,fuerit
239 4230 270 4277 ut
286 4224 315 4277 in
332 4224 376 4278 die
394 4224 571 4292 depositionis
588 4226 615 4277 in
634 4224 739 4278 Missaii
757 4224 888 4278 Romano.
1167 4290 1169 4293 Ι
1321 4287 1324 4290 Α
1347 4276 1356 4292 „

0 4307 3 4315 ’
30 4292 31 4299 ’
198 4290 289 4357 Finita
306 4292 400 4357 Missa,
418 4292 549 4347 Sacerdos
567 4292 680 4360 deponit
697 4294 824 4356 casulam,
843 4298 901 4357 eta,
919 4291 991 4345 sistit
1008 4307 1038 4346 se
1056 4299 1149 4363 contra
1167 4299 1236 4342 cru-⁸
1352 4328 1355 4338 .

22 4370 23 4377 ’
61 4420 62 4424 η
133 4374 190 4413 cem
209 4359 243 4414 ad
259 4360 343 4430 pedes
360 4360 489 4428 defuncti,
507 4367 534 4417 et
550 4361 616 4415 dicit
632 4367 792 4428 sequentem
809 4360 978 4415 Orationem:
