2708 4440
100 196 180 268 [32⁶]
387 215 465 288 Feritrnn
477 213 498 256 S.
513 216 580 263 staret
594 216 615 256 οι
626 217 721 256 inanum
734 218 874 266 Rogatianum,
1134 210 1192 272 171
1218 236 1220 241 .

175 365 219 438 rii.
241 371 371 440 nemine,
392 366 396 448 Ι
415 385 474 427 non
491 369 645 428 secandum
663 372 780 445 peectta
796 380 893 433 nostra
909 373 996 435 facias
1012 378 1120 442 nobie.

181 456 218 528 R.
239 455 340 527 Neque
356 453 510 514 secandum
527 454 690 528 iniquitates
707 463 819 516 nostras
838 453 843 535 1
862 460 1004 532 retribuas
1021 462 1128 526 nobis.

182 534 219 607 W.
241 540 360 598 Oremns
377 555 430 613 pro
446 539 585 598 Pontifiee
602 547 699 599 nostro
716 541 752 601 N.
904 596 908 603 .

182 625 218 697 R.
241 623 379 682 deinns
404 623 551 682 conservet
577 641 650 700 enm,
681 631 711 684 et
736 625 860 685 vivificet
892 644 966 703 enm,
992 624 998 707 Ι
1026 637 1055 689 et
1081 631 1194 693 beatum

98 709 185 769 faeiat
208 726 273 767 enm
299 711 329 768 in
353 715 440 779 terra,
468 703 531 786 iret
548 726 604 767 non
627 708 722 768 tradat
745 726 810 768 enm
828 711 858 769 in
876 711 998 771 inimam
1015 715 1194 777 inimierirnm

99 809 187 867 ejus.

182 872 219 945 t.
241 877 359 937 Oremns
376 893 431 950 pro
448 876 677 937 benefactriribns
694 877 823 941 nostris.
1082 908 1089 923 ι

181 963 216 1035 R.
237 961 410 1021 Retribr'nere
428 961 553 1036 dignare,
570 963 703 1036 Demina
722 959 726 1040 Ι
752 960 882 1024 ‹imnibns
898 967 980 1026 nobis
999 967 1074 1029 bona
1091 969 1195 1032 iacien-

97 1049 173 1107 tibus
189 1053 306 1121 propter
321 1063 426 1104 nomen
444 1052 523 1104 tunm
543 1047 548 1119 Ι
566 1049 654 1106 vitam
672 1049 827 1110 aeternam.
869 1047 974 1113 Amen.

182 1126 219 1199 i.
240 1132 360 1208 Oremne
376 1147 429 1204 pro
446 1129 576 1189 fidelibus
593 1131 752 1195 destinetis.

116 1226 118 1231 ’
182 1217 217 1289 R.
230 1215 375 1360 ¹Requiem
397 1215 544 1274 aettrnam
565 1215 640 1275 dona
661 1217 718 1289 eis,
743 1214 904 1301 Domina]
929 1224 959 1278 et
981 1220 1029 1278 lnx
1056 1224 1195 1296 perpetua

97 1302 225 1360 licente
250 1318 271 1358 s.
629 1322 632 1327 ¹
900 1301 903 1305 “

185 1379 222 1446 ιι.
245 1384 434 1458 Reqnesrant
455 1384 485 1443 in
502 1400 589 1456 pace.

182 1471 217 1542 R.
239 1471 339 1529 Arnen.

182 1551 218 1616 t.
240 1555 297 1612 Pro
313 1553 450 1613 frattribus
467 1554 572 1612 nostris
589 1553 787 1619 annutritus.

181 1640 215 1712 R.
238 1640 335 1700 Salvos
348 1638 394 1697 iae
409 1653 505 1696 servos
522 1643 593 1708 tuos,
612 1633 618 1715 Ι
636 1639 714 1698 Dens
731 1657 817 1715 mens,
835 1643 980 1714 spertntes
996 1640 1036 1704 in
1054 1651 1091 1705 te.

182 1719 218 1792 t.
240 1724 325 1783 Mitte
342 1723 391 1793 eis,
408 1722 541 1796 nemine,
560 1720 564 1791 i
584 1724 720 1782 auxilinm
737 1725 773 1783 de
791 1733 907 1786 saneto.

182 1809 218 1881 R.
241 1809 281 1866 Et
298 1807 334 1866 de
351 1807 417 1865 Sion
432 1807 512 1866 tuere
530 1821 600 1871 ees.

183 1887 219 1962 ii.
241 1893 371 1963 Demine,
387 1891 491 1949 exindi
508 1893 670 1950 oratitnem'
685 1908 799 1955 meam.

181 1978 217 2050 R.
240 1977 279 2035 Et
295 1977 402 2036 elamor
417 1992 498 2035 mens
517 1976 553 2034 ad
570 1982 599 2036 te
616 1974 737 2039 veniat.

182 2057 219 2130 i.
241 2062 380 2120 Deminns
396 2059 550 2120 vobtseurn

183 2135 218 2221 R.
244 2146 282 2204 Et
299 2162 362 2203 enm
379 2144 481 2218 spiritu
498 2152 556 2204 tuo.

183 2298 336 2358 Oremns.
374 2296 459 2366 Dens,
485 2298 531 2355 eni
556 2297 703 2370 preprium
727 2303 770 2356 est
786 2300 1055 2374 misere'ri'sempen
1083 2310 1112 2362 et
1129 2305 1195 2377 par-

2 2433 4 2438 2
99 2401 183 2444 cere:
209 2383 320 2455 srieeipe
343 2379 570 2454 deprecatitinem
592 2386 733 2451 nestram3
758 2388 874 2457 utnon,
899 2389 928 2443 et
952 2402 1049 2444 omnes
1075 2384 1196 2448 famulos
1305 2395 1308 2399 ’

97 2475 174 2544 tuos,
201 2483 271 2542 qnos
293 2466 464 2525 delicttrnm
487 2465 587 2524 catena
613 2465 794 2539 constringit,
820 2469 964 2528 miseritio
987 2476 1054 2529 tuae
1077 2472 1196 2544 pietitis

101 2548 258 2613 cleminter
275 2549 410 2609 absiliat.

182 2635 303 2710 Exaudi,
320 2636 497 2708 quiremus,
514 2633 643 2707 Demine,
659 2636 819 2708 snpplicum
830 2653 940 2709 preces,
958 2644 988 2696 et
997 2637 1192 2699 confitentium

98 2723 151 2781 tibi
167 2738 254 2795 parce
267 2721 404 2792 peccatis:
426 2725 458 2778 ιιι
475 2720 584 2791 pariter
600 2718 681 2776 nobis
698 2719 902 2791 indulgentiam
920 2719 1030 2780 tribuas
1048 2723 1195 2799 benignus,

101 2812 129 2864 et
146 2822 254 2879 pacem.
885 2808 887 2813 ’
1006 2872 1008 2876 y

184 2889 359 2952 Ineffabilem
385 2887 481 2958 nobis,
515 2887 650 2960 Domine,
680 2888 905 2946 misericerdiam
931 2894 1010 2948 tuam
1043 2892 1196 2952 elementer

101 2976 229 3034 ostende:
255 2980 287 3032 ιιι
311 2973 394 3032 simul
418 2988 469 3030 nos
494 2978 524 3029 et
545 2988 562 3029 a
583 2972 706 3045 peccatis
730 2973 858 3031 ‹imnibus
877 2972 969 3041 exuas,
996 2980 1026 3032 et
1053 2979 1195 3049 apoenis,

102 3077 171 3134 quas
188 3075 241 3134 pro
257 3059 302 3116 his
319 3057 469 3128 morimur,
488 3055 603 3130 eripias.

186 3145 271 3217 Deus,
294 3143 343 3215 qni
360 3142 443 3214 culpa
461 3138 618 3210 offenderis,
636 3139 814 3213 poenitentia
828 3142 962 3213 placaris:
980 3159 1079 3215 preces
1096 3140 1196 3217 pepuli

59 3270 63 3277 -
103 3233 143 3289 tui
157 3229 341 3303 supplicantis
357 3224 496 3299 propitius
513 3225 637 3297 respice3
663 3230 692 3283 et
709 3223 822 3296 flagella
838 3232 904 3285 tuae
921 3226 1093 3298 iraeindiae
1123 3246 1196 3302 quae

101 3332 155 3388 pro
172 3313 295 3388 peccetis
312 3311 418 3370 nostris
435 3309 586 3383 meremur,
603 3308 709 3368 averte.

187 3397 373 3469 Omnipotens
392 3393 563 3467 sempiterne
584 3392 675 3463 Dens,
703 3392 839 3452 miserere
861 3393 964 3453 famulo
989 3402 1041 3452 tno
1065 3397 1196 3457 Pontifici

102 3489 200 3542 nostro
217 3484 262 3552 N.‚
280 3486 309 3539 et
326 3479 417 3551 dirige
435 3496 500 3537 enm
519 3477 674 3536 seerindum
691 3483 770 3535 tuam
788 3478 964 3536 elementiam
982 3480 1012 3537 in
1030 3481 1106 3537 viam
1123 3481 1198 3540 salni-

102 3569 137 3627 lis
164 3566 311 3626 aeternae:
339 3573 379 3636 ιιι,
408 3570 437 3622 te
461 3562 593 3633 donante,
623 3561 676 3619 tibi
696 3562 801 3635 placita
823 3561 927 3636 eripiat,
955 3569 985 3621 et
1007 3569 1070 3622 tota
1091 3567 1197 3626 virtite

27 3711 30 3716 ,
102 3652 241 3725 perficiat.
631 3672 637 3682 r

187 3737 271 3808 Dens,
296 3750 314 3792 a
339 3749 393 3806 qno
419 3737 515 3790 saneta
537 3729 690 3802 desideria.
713 3734 791 3788 reeta
816 3729 950 3802 consilia,
977 3736 1006 3789 et
1029 3732 1107 3803 jnsta
1133 3733 1198 3795 sunit

104 3824 205 3895 ripert:
224 3820 260 3878 da
278 3819 365 3877 servis
380 3819 436 3875 tuis
453 3816 539 3888 illam,
558 3831 642 3892 quarn
659 3813 779 3871 mundns
797 3813 867 3872 dare
885 3831 941 3872 nen
957 3821 1060 3888 petest,
1080 3835 1197 3894 pacem3

103 3912 136 3964 ut
152 3912 182 3965 et
200 3904 286 3962 corda
297 3908 402 3963 nostra
418 3900 557 3958 mandatis
575 3900 630 3956 tuis
649 3897 751 3968 dedita
783 3903 812 3955 et
832 3896 954 3957 hristinm
972 3900 1084 3959 sublata
1100 3903 1197 3961 formi-

105 3991 180 4061 dine,
203 3988 332 4061 tempora
351 3987 407 4044 sint
423 3990 473 4042 tna
488 3985 664 4057 protectione
682 3980 843 4054 tranquilla
