<?xml version="1.0" encoding="UTF-8"?>
<!DOCTYPE html PUBLIC "-//W3C//DTD XHTML 1.0 Transitional//EN"
    "http://www.w3.org/TR/xhtml1/DTD/xhtml1-transitional.dtd">
<html xmlns="http://www.w3.org/1999/xhtml" xml:lang="en" lang="en">
 <head>
  <title>
</title>
<meta http-equiv="Content-Type" content="text/html;charset=utf-8" />
  <meta name='ocr-system' content='tesseract 3.04.00' />
  <meta name='ocr-capabilities' content='ocr_page ocr_carea ocr_par ocr_line ocrx_word'/>
</head>
<body>
  <div class='ocr_page' id='page_1' title='image "./cantionessacrae00mohrgoog/cantionessacrae00mohrgoog_0347.png"; bbox 0 0 2730 4748; ppageno 0'>
   <div class='ocr_carea' id='block_1_1' title="bbox 558 505 1190 638">
    <p class='ocr_par' dir='ltr' id='par_1_1' title="bbox 558 505 1190 638">
     <span class='ocr_line' id='line_1_1' title="bbox 558 505 1190 638; baseline 0.025 -37"><span class='ocrx_word' id='word_1_1' title='bbox 558 564 616 603; x_wconf 70' lang='lat' dir='ltr'>misia</span> <span class='ocrx_word' id='word_1_2' title='bbox 630 566 706 611; x_wconf 71' lang='lat' dir='ltr'>pavia</span> <span class='ocrx_word' id='word_1_3' title='bbox 717 565 746 604; x_wconf 77' lang='lat'>11,</span> <span class='ocrx_word' id='word_1_4' title='bbox 957 538 960 545; x_wconf 61' lang='grc'><strong>’</strong></span> <span class='ocrx_word' id='word_1_5' title='bbox 982 505 1011 588; x_wconf 65' lang='lat'>‚⁵</span> <span class='ocrx_word' id='word_1_6' title='bbox 1130 553 1190 638; x_wconf 80' lang='lat'>335</span> 
     </span>
    </p>
   </div>
   <div class='ocr_carea' id='block_1_2' title="bbox 469 710 834 814">
    <p class='ocr_par' dir='ltr' id='par_1_2' title="bbox 469 710 834 814">
     <span class='ocr_line' id='line_1_2' title="bbox 469 710 834 814; baseline 0 -21"><span class='ocrx_word' id='word_1_7' title='bbox 469 715 543 794; x_wconf 75' lang='lat' dir='ltr'><strong>VII.</strong></span> <span class='ocrx_word' id='word_1_8' title='bbox 574 800 576 803; x_wconf 65' lang='grc'>,</span> <span class='ocrx_word' id='word_1_9' title='bbox 594 713 652 814; x_wconf 58' lang='lat' dir='ltr'>ssa</span> <span class='ocrx_word' id='word_1_10' title='bbox 668 710 834 799; x_wconf 18' lang='lat' dir='ltr'>&#39;Iaoooroa</span> 
     </span>
    </p>
   </div>
   <div class='ocr_carea' id='block_1_3' title="bbox 62 851 1260 1772">
    <p class='ocr_par' dir='ltr' id='par_1_3' title="bbox 62 851 1260 1688">
     <span class='ocr_line' id='line_1_3' title="bbox 82 851 1260 932; baseline 0.006 -20"><span class='ocrx_word' id='word_1_11' title='bbox 82 868 84 871; x_wconf 89' lang='grc'><strong><em>·</em></strong></span> <span class='ocrx_word' id='word_1_12' title='bbox 184 854 302 913; x_wconf 87' lang='lat' dir='ltr'>ODens</span> <span class='ocrx_word' id='word_1_13' title='bbox 319 851 477 926; x_wconf 83' lang='lat' dir='ltr'>ineffabilis,</span> <span class='ocrx_word' id='word_1_14' title='bbox 492 855 552 924; x_wconf 87' lang='lat' dir='ltr'>jam</span> <span class='ocrx_word' id='word_1_15' title='bbox 570 855 710 926; x_wconf 86' lang='lat' dir='ltr'>incipiunt</span> <span class='ocrx_word' id='word_1_16' title='bbox 726 855 776 912; x_wconf 87' lang='lat' dir='ltr'>illa</span> <span class='ocrx_word' id='word_1_17' title='bbox 794 856 942 914; x_wconf 89' lang='lat' dir='ltr'>tremenda</span> <span class='ocrx_word' id='word_1_18' title='bbox 957 858 1102 932; x_wconf 84' lang='lat' dir='ltr'>mysteria,</span> <span class='ocrx_word' id='word_1_19' title='bbox 1120 853 1193 931; x_wconf 84' lang='lat' dir='ltr'>quae</span> <span class='ocrx_word' id='word_1_20' title='bbox 1252 878 1260 891; x_wconf 38' lang='lat' dir='ltr'>‘s</span> 
     </span>
     <span class='ocr_line' id='line_1_4' title="bbox 62 937 1193 1015; baseline 0.004 -18"><span class='ocrx_word' id='word_1_21' title='bbox 62 977 67 985; x_wconf 87' lang='lat'><em>·</em></span> <span class='ocrx_word' id='word_1_22' title='bbox 98 957 150 998; x_wconf 90' lang='lat' dir='ltr'>neo</span> <span class='ocrx_word' id='word_1_23' title='bbox 177 939 327 997; x_wconf 85' lang='lat' dir='ltr'><strong>Cherubim</strong></span> <span class='ocrx_word' id='word_1_24' title='bbox 354 954 406 996; x_wconf 89' lang='lat' dir='ltr'>neo</span> <span class='ocrx_word' id='word_1_25' title='bbox 432 937 582 1010; x_wconf 82' lang='lat' dir='ltr'>Seraphim</span> <span class='ocrx_word' id='word_1_26' title='bbox 606 955 659 997; x_wconf 86' lang='lat' dir='ltr'>neo</span> <span class='ocrx_word' id='word_1_27' title='bbox 686 939 763 997; x_wconf 89' lang='lat' dir='ltr'>ullae</span> <span class='ocrx_word' id='word_1_28' title='bbox 788 939 914 997; x_wconf 82' lang='lat' dir='ltr'><strong>Virtutes</strong></span> <span class='ocrx_word' id='word_1_29' title='bbox 940 942 1084 999; x_wconf 85' lang='lat' dir='ltr'>coelorum</span> <span class='ocrx_word' id='word_1_30' title='bbox 1108 945 1193 1015; x_wconf 81' lang='lat' dir='ltr'>plene</span> 
     </span>
     <span class='ocr_line' id='line_1_5' title="bbox 98 1021 1193 1100; baseline 0.004 -18"><span class='ocrx_word' id='word_1_31' title='bbox 98 1027 195 1082; x_wconf 86' lang='lat' dir='ltr'>valent</span> <span class='ocrx_word' id='word_1_32' title='bbox 221 1021 470 1095; x_wconf 82' lang='lat' dir='ltr'>comprehendero,</span> <span class='ocrx_word' id='word_1_33' title='bbox 501 1040 565 1080; x_wconf 88' lang='lat' dir='ltr'>oum</span> <span class='ocrx_word' id='word_1_34' title='bbox 590 1023 641 1081; x_wconf 89' lang='lat' dir='ltr'>tibi</span> <span class='ocrx_word' id='word_1_35' title='bbox 671 1024 724 1080; x_wconf 90' lang='lat' dir='ltr'>soli</span> <span class='ocrx_word' id='word_1_36' title='bbox 749 1026 892 1095; x_wconf 88' lang='lat' dir='ltr'>cognitum</span> <span class='ocrx_word' id='word_1_37' title='bbox 916 1026 961 1096; x_wconf 87' lang='lat' dir='ltr'>sit,</span> <span class='ocrx_word' id='word_1_38' title='bbox 993 1043 1058 1084; x_wconf 88' lang='lat' dir='ltr'>oum</span> <span class='ocrx_word' id='word_1_39' title='bbox 1087 1036 1193 1100; x_wconf 90' lang='lat' dir='ltr'>quanta</span> 
     </span>
     <span class='ocr_line' id='line_1_6' title="bbox 100 1106 1194 1184; baseline 0.002 -17"><span class='ocrx_word' id='word_1_40' title='bbox 100 1111 206 1167; x_wconf 87' lang='lat' dir='ltr'>amoris</span> <span class='ocrx_word' id='word_1_41' title='bbox 222 1106 414 1179; x_wconf 88' lang='lat' dir='ltr'>magnitudine</span> <span class='ocrx_word' id='word_1_42' title='bbox 431 1113 461 1165; x_wconf 88' lang='lat' dir='ltr'>te</span> <span class='ocrx_word' id='word_1_43' title='bbox 484 1109 513 1164; x_wconf 93' lang='lat' dir='ltr'>in</span> <span class='ocrx_word' id='word_1_44' title='bbox 532 1107 592 1166; x_wconf 88' lang='lat' dir='ltr'>dies</span> <span class='ocrx_word' id='word_1_45' title='bbox 607 1125 660 1180; x_wconf 92' lang='lat' dir='ltr'>pro</span> <span class='ocrx_word' id='word_1_46' title='bbox 679 1108 771 1166; x_wconf 87' lang='lat' dir='ltr'>salute</span> <span class='ocrx_word' id='word_1_47' title='bbox 788 1106 910 1166; x_wconf 90' lang='lat' dir='ltr'>fidelium</span> <span class='ocrx_word' id='word_1_48' title='bbox 928 1109 990 1168; x_wconf 90' lang='lat' dir='ltr'>Deo</span> <span class='ocrx_word' id='word_1_49' title='bbox 1008 1111 1090 1170; x_wconf 91' lang='lat' dir='ltr'>Patri</span> <span class='ocrx_word' id='word_1_50' title='bbox 1108 1129 1194 1184; x_wconf 89' lang='lat' dir='ltr'>super</span> 
     </span>
     <span class='ocr_line' id='line_1_7' title="bbox 99 1191 1195 1267; baseline 0.004 -16"><span class='ocrx_word' id='word_1_51' title='bbox 99 1195 231 1252; x_wconf 82' lang='lat' dir='ltr'>altariin</span> <span class='ocrx_word' id='word_1_52' title='bbox 248 1192 371 1249; x_wconf 81' lang='lat' dir='ltr'>hostiam</span> <span class='ocrx_word' id='word_1_53' title='bbox 388 1192 479 1250; x_wconf 87' lang='lat' dir='ltr'>laudis</span> <span class='ocrx_word' id='word_1_54' title='bbox 496 1198 525 1249; x_wconf 87' lang='lat' dir='ltr'>et</span> <span class='ocrx_word' id='word_1_55' title='bbox 539 1193 709 1264; x_wconf 83' lang='lat' dir='ltr'>placationis</span> <span class='ocrx_word' id='word_1_56' title='bbox 727 1191 839 1252; x_wconf 84' lang='lat' dir='ltr'>offeras.</span> <span class='ocrx_word' id='word_1_57' title='bbox 867 1193 992 1267; x_wconf 80' lang='lat' dir='ltr'>Ideoque</span> <span class='ocrx_word' id='word_1_58' title='bbox 1010 1195 1081 1254; x_wconf 88' lang='lat' dir='ltr'>haee</span> <span class='ocrx_word' id='word_1_59' title='bbox 1099 1213 1195 1256; x_wconf 86' lang='lat' dir='ltr'>saero-</span> 
     </span>
     <span class='ocr_line' id='line_1_8' title="bbox 99 1276 1194 1347; baseline 0.002 -10"><span class='ocrx_word' id='word_1_60' title='bbox 99 1284 197 1338; x_wconf 87' lang='lat' dir='ltr'>sanota</span> <span class='ocrx_word' id='word_1_61' title='bbox 215 1292 321 1334; x_wconf 88' lang='lat' dir='ltr'>areana</span> <span class='ocrx_word' id='word_1_62' title='bbox 339 1277 463 1334; x_wconf 88' lang='lat' dir='ltr'>universi</span> <span class='ocrx_word' id='word_1_63' title='bbox 472 1276 647 1347; x_wconf 82' lang='lat' dir='ltr'>Angelorum</span> <span class='ocrx_word' id='word_1_64' title='bbox 665 1276 778 1334; x_wconf 86' lang='lat' dir='ltr'>ordines</span> <span class='ocrx_word' id='word_1_65' title='bbox 796 1294 906 1336; x_wconf 88' lang='lat' dir='ltr'>summa</span> <span class='ocrx_word' id='word_1_66' title='bbox 923 1277 1095 1339; x_wconf 86' lang='lat' dir='ltr'>demissione</span> <span class='ocrx_word' id='word_1_67' title='bbox 1108 1298 1194 1339; x_wconf 86' lang='lat' dir='ltr'>vene·</span> 
     </span>
     <span class='ocr_line' id='line_1_9' title="bbox 100 1362 1194 1434; baseline 0.003 -13"><span class='ocrx_word' id='word_1_68' title='bbox 100 1369 207 1432; x_wconf 89' lang='lat' dir='ltr'>rantur,</span> <span class='ocrx_word' id='word_1_69' title='bbox 232 1378 295 1419; x_wconf 88' lang='lat' dir='ltr'>eum</span> <span class='ocrx_word' id='word_1_70' title='bbox 318 1377 416 1431; x_wconf 86' lang='lat' dir='ltr'>regem</span> <span class='ocrx_word' id='word_1_71' title='bbox 434 1377 514 1419; x_wconf 89' lang='lat' dir='ltr'>sunm</span> <span class='ocrx_word' id='word_1_72' title='bbox 533 1368 562 1419; x_wconf 92' lang='lat' dir='ltr'>et</span> <span class='ocrx_word' id='word_1_73' title='bbox 579 1362 740 1429; x_wconf 87' lang='lat' dir='ltr'>Dominum,</span> <span class='ocrx_word' id='word_1_74' title='bbox 768 1363 816 1434; x_wconf 89' lang='lat' dir='ltr'>qui</span> <span class='ocrx_word' id='word_1_75' title='bbox 835 1362 902 1419; x_wconf 92' lang='lat' dir='ltr'>olim</span> <span class='ocrx_word' id='word_1_76' title='bbox 919 1363 1062 1422; x_wconf 90' lang='lat' dir='ltr'>hominem</span> <span class='ocrx_word' id='word_1_77' title='bbox 1084 1365 1194 1424; x_wconf 88' lang='lat' dir='ltr'>redem-</span> 
     </span>
     <span class='ocr_line' id='line_1_10' title="bbox 100 1445 1194 1521; baseline 0.004 -17"><span class='ocrx_word' id='word_1_78' title='bbox 100 1453 197 1520; x_wconf 83' lang='lat' dir='ltr'>pturus</span> <span class='ocrx_word' id='word_1_79' title='bbox 215 1461 323 1503; x_wconf 87' lang='lat' dir='ltr'>summo</span> <span class='ocrx_word' id='word_1_80' title='bbox 341 1462 439 1503; x_wconf 87' lang='lat' dir='ltr'>amore</span> <span class='ocrx_word' id='word_1_81' title='bbox 456 1445 649 1516; x_wconf 83' lang='lat' dir='ltr'>descenderat,</span> <span class='ocrx_word' id='word_1_82' title='bbox 676 1462 751 1503; x_wconf 88' lang='lat' dir='ltr'>nuno</span> <span class='ocrx_word' id='word_1_83' title='bbox 772 1446 874 1503; x_wconf 83' lang='lat' dir='ltr'>iterum</span> <span class='ocrx_word' id='word_1_84' title='bbox 892 1447 1008 1506; x_wconf 85' lang='lat' dir='ltr'>videant</span> <span class='ocrx_word' id='word_1_85' title='bbox 1025 1466 1077 1521; x_wconf 88' lang='lat' dir='ltr'>pro</span> <span class='ocrx_word' id='word_1_86' title='bbox 1100 1451 1194 1509; x_wconf 87' lang='lat' dir='ltr'>salute</span> 
     </span>
     <span class='ocr_line' id='line_1_11' title="bbox 101 1529 1195 1604; baseline 0.004 -15"><span class='ocrx_word' id='word_1_87' title='bbox 101 1531 226 1604; x_wconf 90' lang='lat' dir='ltr'>ejusdem</span> <span class='ocrx_word' id='word_1_88' title='bbox 249 1530 369 1602; x_wconf 87' lang='lat' dir='ltr'>hominis</span> <span class='ocrx_word' id='word_1_89' title='bbox 392 1529 531 1588; x_wconf 84' lang='lat' dir='ltr'>ineffabili</span> <span class='ocrx_word' id='word_1_90' title='bbox 553 1529 675 1603; x_wconf 91' lang='lat' dir='ltr'>quodam</span> <span class='ocrx_word' id='word_1_91' title='bbox 698 1529 780 1588; x_wconf 92' lang='lat' dir='ltr'>modo</span> <span class='ocrx_word' id='word_1_92' title='bbox 806 1546 890 1602; x_wconf 91' lang='lat' dir='ltr'>super</span> <span class='ocrx_word' id='word_1_93' title='bbox 913 1533 1005 1590; x_wconf 82' lang='lat' dir='ltr'>altare</span> <span class='ocrx_word' id='word_1_94' title='bbox 1023 1533 1195 1593; x_wconf 89' lang='lat' dir='ltr'>descendere</span> 
     </span>
     <span class='ocr_line' id='line_1_12' title="bbox 100 1612 950 1688; baseline -0.002 -12"><span class='ocrx_word' id='word_1_95' title='bbox 100 1625 186 1688; x_wconf 91' lang='lat' dir='ltr'>atque</span> <span class='ocrx_word' id='word_1_96' title='bbox 203 1615 255 1680; x_wconf 83' lang='lat' dir='ltr'>sub</span> <span class='ocrx_word' id='word_1_97' title='bbox 272 1614 421 1670; x_wconf 88' lang='lat' dir='ltr'>vilissimas</span> <span class='ocrx_word' id='word_1_98' title='bbox 438 1617 522 1686; x_wconf 90' lang='lat' dir='ltr'>panis</span> <span class='ocrx_word' id='word_1_99' title='bbox 541 1622 570 1672; x_wconf 88' lang='lat' dir='ltr'>et</span> <span class='ocrx_word' id='word_1_100' title='bbox 588 1616 646 1672; x_wconf 89' lang='lat' dir='ltr'>vini</span> <span class='ocrx_word' id='word_1_101' title='bbox 664 1616 773 1688; x_wconf 88' lang='lat' dir='ltr'>speeies</span> <span class='ocrx_word' id='word_1_102' title='bbox 791 1631 821 1672; x_wconf 89' lang='lat' dir='ltr'>se</span> <span class='ocrx_word' id='word_1_103' title='bbox 838 1612 950 1674; x_wconf 84' lang='lat' dir='ltr'>ab&#39;dere.</span> 
     </span>
    </p>

    <p class='ocr_par' dir='ltr' id='par_1_4' title="bbox 184 1698 1194 1772">
     <span class='ocr_line' id='line_1_13' title="bbox 184 1698 1194 1772; baseline 0.002 -13"><span class='ocrx_word' id='word_1_104' title='bbox 184 1701 309 1772; x_wconf 88' lang='lat' dir='ltr'>Utinam,</span> <span class='ocrx_word' id='word_1_105' title='bbox 335 1699 447 1769; x_wconf 89' lang='lat' dir='ltr'>piisime</span> <span class='ocrx_word' id='word_1_106' title='bbox 463 1700 541 1772; x_wconf 84' lang='lat' dir='ltr'>Jesu,</span> <span class='ocrx_word' id='word_1_107' title='bbox 568 1701 597 1755; x_wconf 95' lang='lat' dir='ltr'>in</span> <span class='ocrx_word' id='word_1_108' title='bbox 620 1699 674 1757; x_wconf 92' lang='lat' dir='ltr'>hoo</span> <span class='ocrx_word' id='word_1_109' title='bbox 697 1698 785 1770; x_wconf 86' lang='lat' dir='ltr'>opere</span> <span class='ocrx_word' id='word_1_110' title='bbox 803 1705 850 1757; x_wconf 91' lang='lat' dir='ltr'>tuo</span> <span class='ocrx_word' id='word_1_111' title='bbox 869 1704 898 1756; x_wconf 91' lang='lat' dir='ltr'>te</span> <span class='ocrx_word' id='word_1_112' title='bbox 917 1700 1051 1772; x_wconf 85' lang='lat' dir='ltr'>adjuvare</span> <span class='ocrx_word' id='word_1_113' title='bbox 1069 1701 1194 1762; x_wconf 86' lang='lat' dir='ltr'>efficere·</span> 
     </span>
    </p>
   </div>
   <div class='ocr_carea' id='block_1_4' title="bbox 101 1782 1296 1858">
    <p class='ocr_par' dir='ltr' id='par_1_5' title="bbox 101 1782 1296 1858">
     <span class='ocr_line' id='line_1_14' title="bbox 101 1782 1296 1858; baseline 0.003 -16"><span class='ocrx_word' id='word_1_114' title='bbox 101 1804 156 1858; x_wconf 90' lang='lat' dir='ltr'>qne</span> <span class='ocrx_word' id='word_1_115' title='bbox 172 1800 293 1858; x_wconf 91' lang='lat' dir='ltr'>possem,</span> <span class='ocrx_word' id='word_1_116' title='bbox 311 1789 343 1839; x_wconf 89' lang='lat' dir='ltr'>nt</span> <span class='ocrx_word' id='word_1_117' title='bbox 360 1782 429 1840; x_wconf 88' lang='lat' dir='ltr'>haec</span> <span class='ocrx_word' id='word_1_118' title='bbox 443 1783 550 1841; x_wconf 90' lang='lat' dir='ltr'>oblatio</span> <span class='ocrx_word' id='word_1_119' title='bbox 561 1785 755 1842; x_wconf 83' lang='lat' dir='ltr'>sacratissima</span> <span class='ocrx_word' id='word_1_120' title='bbox 769 1782 919 1841; x_wconf 85' lang='lat' dir='ltr'>seeundum</span> <span class='ocrx_word' id='word_1_121' title='bbox 935 1783 1102 1857; x_wconf 89' lang='lat' dir='ltr'>dignitatem</span> <span class='ocrx_word' id='word_1_122' title='bbox 1117 1803 1194 1846; x_wconf 91' lang='lat' dir='ltr'>suam</span> <span class='ocrx_word' id='word_1_123' title='bbox 1295 1788 1296 1791; x_wconf 72' lang='grc'>’</span> 
     </span>
    </p>
   </div>
   <div class='ocr_carea' id='block_1_5' title="bbox 76 1866 1196 2194">
    <p class='ocr_par' dir='ltr' id='par_1_6' title="bbox 76 1866 1196 2194">
     <span class='ocr_line' id='line_1_15' title="bbox 102 1866 1195 1945; baseline 0.005 -18"><span class='ocrx_word' id='word_1_124' title='bbox 102 1871 214 1944; x_wconf 90' lang='lat' dir='ltr'>plenum</span> <span class='ocrx_word' id='word_1_125' title='bbox 240 1868 390 1925; x_wconf 88' lang='lat' dir='ltr'>sortiretur</span> <span class='ocrx_word' id='word_1_126' title='bbox 420 1866 568 1926; x_wconf 84' lang='lat' dir='ltr'>effectum!</span> <span class='ocrx_word' id='word_1_127' title='bbox 610 1868 695 1926; x_wconf 83' lang='lat' dir='ltr'>Certe</span> <span class='ocrx_word' id='word_1_128' title='bbox 727 1866 911 1926; x_wconf 82' lang='lat' dir='ltr'>libentissime</span> <span class='ocrx_word' id='word_1_129' title='bbox 941 1875 1195 1945; x_wconf 85' lang='lat' dir='ltr'>quantumcumque</span> 
     </span>
     <span class='ocr_line' id='line_1_16' title="bbox 102 1950 1196 2028; baseline 0.003 -16"><span class='ocrx_word' id='word_1_130' title='bbox 102 1952 208 2013; x_wconf 87' lang='lat' dir='ltr'>diifioili</span> <span class='ocrx_word' id='word_1_131' title='bbox 230 1952 327 2010; x_wconf 91' lang='lat' dir='ltr'>labore</span> <span class='ocrx_word' id='word_1_132' title='bbox 354 1950 391 2009; x_wconf 89' lang='lat' dir='ltr'>ad</span> <span class='ocrx_word' id='word_1_133' title='bbox 413 1952 465 2010; x_wconf 87' lang='lat' dir='ltr'>hoo</span> <span class='ocrx_word' id='word_1_134' title='bbox 486 1954 623 2011; x_wconf 91' lang='lat' dir='ltr'>inservire</span> <span class='ocrx_word' id='word_1_135' title='bbox 640 1953 750 2011; x_wconf 89' lang='lat' dir='ltr'>vellem.</span> <span class='ocrx_word' id='word_1_136' title='bbox 785 1952 867 2023; x_wconf 82' lang='lat' dir='ltr'>Rogo</span> <span class='ocrx_word' id='word_1_137' title='bbox 891 1970 958 2025; x_wconf 88' lang='lat' dir='ltr'>ergo</span> <span class='ocrx_word' id='word_1_138' title='bbox 978 1961 1015 2028; x_wconf 85' lang='lat' dir='ltr'>te,</span> <span class='ocrx_word' id='word_1_139' title='bbox 1042 1956 1079 2014; x_wconf 89' lang='lat' dir='ltr'>da</span> <span class='ocrx_word' id='word_1_140' title='bbox 1101 1973 1196 2015; x_wconf 88' lang='lat' dir='ltr'>sacer·</span> 
     </span>
     <span class='ocr_line' id='line_1_17' title="bbox 103 2035 1195 2118; baseline 0.003 -21"><span class='ocrx_word' id='word_1_141' title='bbox 103 2040 163 2097; x_wconf 93' lang='lat' dir='ltr'>doti</span> <span class='ocrx_word' id='word_1_142' title='bbox 188 2045 247 2110; x_wconf 85' lang='lat' dir='ltr'>tno,</span> <span class='ocrx_word' id='word_1_143' title='bbox 272 2043 304 2093; x_wconf 90' lang='lat' dir='ltr'>ut</span> <span class='ocrx_word' id='word_1_144' title='bbox 329 2035 380 2092; x_wconf 91' lang='lat' dir='ltr'>tali</span> <span class='ocrx_word' id='word_1_145' title='bbox 406 2036 545 2108; x_wconf 84' lang='lat' dir='ltr'>dignitate</span> <span class='ocrx_word' id='word_1_146' title='bbox 566 2042 596 2094; x_wconf 93' lang='lat' dir='ltr'>te</span> <span class='ocrx_word' id='word_1_147' title='bbox 617 2042 722 2096; x_wconf 84' lang='lat' dir='ltr'>tractet</span> <span class='ocrx_word' id='word_1_148' title='bbox 750 2042 779 2093; x_wconf 90' lang='lat' dir='ltr'>et</span> <span class='ocrx_word' id='word_1_149' title='bbox 805 2035 913 2118; x_wconf 86' lang='lat' dir='ltr'>offerat,</span> <span class='ocrx_word' id='word_1_150' title='bbox 940 2045 971 2095; x_wconf 88' lang='lat' dir='ltr'>ut</span> <span class='ocrx_word' id='word_1_151' title='bbox 997 2038 1195 2101; x_wconf 87' lang='lat' dir='ltr'>haecoblatio</span> 
     </span>
     <span class='ocr_line' id='line_1_18' title="bbox 76 2119 1196 2194; baseline 0.002 -12"><span class='ocrx_word' id='word_1_152' title='bbox 76 2129 78 2134; x_wconf 84' lang='grc'><strong>’</strong></span> <span class='ocrx_word' id='word_1_153' title='bbox 103 2125 230 2183; x_wconf 88' lang='lat' dir='ltr'>omnibus</span> <span class='ocrx_word' id='word_1_154' title='bbox 248 2119 377 2179; x_wconf 88' lang='lat' dir='ltr'>fidelibus</span> <span class='ocrx_word' id='word_1_155' title='bbox 395 2122 465 2179; x_wconf 84' lang='lat' dir='ltr'>vivis</span> <span class='ocrx_word' id='word_1_156' title='bbox 484 2127 569 2194; x_wconf 85' lang='lat' dir='ltr'>atque</span> <span class='ocrx_word' id='word_1_157' title='bbox 588 2121 727 2179; x_wconf 83' lang='lat' dir='ltr'>defunctis</span> <span class='ocrx_word' id='word_1_158' title='bbox 751 2136 930 2194; x_wconf 89' lang='lat' dir='ltr'>summopere</span> <span class='ocrx_word' id='word_1_159' title='bbox 944 2123 1077 2194; x_wconf 90' lang='lat' dir='ltr'>prodesse</span> <span class='ocrx_word' id='word_1_160' title='bbox 1091 2126 1196 2184; x_wconf 85' lang='lat' dir='ltr'>valeat.</span> 
     </span>
    </p>
   </div>
   <div class='ocr_carea' id='block_1_6' title="bbox 104 2211 876 2383">
    <p class='ocr_par' dir='ltr' id='par_1_7' title="bbox 104 2211 876 2383">
     <span class='ocr_line' id='line_1_19' title="bbox 104 2211 721 2284; baseline 0.005 -50"><span class='ocrx_word' id='word_1_161' title='bbox 104 2211 204 2268; x_wconf 83' lang='lat' dir='ltr'>Amen.</span> <span class='ocrx_word' id='word_1_162' title='bbox 274 2229 276 2234; x_wconf 81' lang='grc'>,</span> <span class='ocrx_word' id='word_1_163' title='bbox 666 2277 669 2284; x_wconf 26' lang='grc' dir='ltr'>Ι</span> <span class='ocrx_word' id='word_1_164' title='bbox 719 2233 721 2237; x_wconf 88' lang='grc'><strong>,</strong></span> 
     </span>
     <span class='ocr_line' id='line_1_20' title="bbox 425 2282 876 2383; baseline -0.009 -19"><span class='ocrx_word' id='word_1_165' title='bbox 425 2286 524 2365; x_wconf 83' lang='lat' dir='ltr'><strong>VIII.</strong></span> <span class='ocrx_word' id='word_1_166' title='bbox 577 2282 633 2383; x_wconf 59' lang='lat' dir='ltr'>Ji</span> <span class='ocrx_word' id='word_1_167' title='bbox 658 2283 876 2382; x_wconf 61' lang='lat' dir='ltr'>dirodinum.</span> 
     </span>
    </p>
   </div>
   <div class='ocr_carea' id='block_1_7' title="bbox 421 2405 889 2455">
    <p class='ocr_par' dir='ltr' id='par_1_8' title="bbox 421 2405 889 2455">
     <span class='ocr_line' id='line_1_21' title="bbox 421 2405 889 2455; baseline -0.004 0"><span class='ocrx_word' id='word_1_168' title='bbox 421 2405 473 2455; x_wconf 86' lang='lat' dir='ltr'>Ad</span> <span class='ocrx_word' id='word_1_169' title='bbox 491 2405 698 2453; x_wconf 86' lang='lat' dir='ltr'>elevationem</span> <span class='ocrx_word' id='word_1_170' title='bbox 716 2418 739 2454; x_wconf 93' lang='lat' dir='ltr'>s.</span> <span class='ocrx_word' id='word_1_171' title='bbox 757 2405 889 2454; x_wconf 82' lang='lat' dir='ltr'>hostiae.</span> 
     </span>
    </p>
   </div>
   <div class='ocr_carea' id='block_1_8' title="bbox 227 2501 1008 2808">
    <p class='ocr_par' dir='ltr' id='par_1_9' title="bbox 227 2501 1008 2653">
     <span class='ocr_line' id='line_1_22' title="bbox 227 2501 1008 2569; baseline -0.004 -11"><span class='ocrx_word' id='word_1_172' title='bbox 227 2532 230 2536; x_wconf 96' lang='lat'>·</span> <span class='ocrx_word' id='word_1_173' title='bbox 289 2502 388 2558; x_wconf 84' lang='lat' dir='ltr'>Christi</span> <span class='ocrx_word' id='word_1_174' title='bbox 406 2502 519 2568; x_wconf 79' lang='lat' dir='ltr'>Corpus,</span> <span class='ocrx_word' id='word_1_175' title='bbox 537 2517 595 2566; x_wconf 88' lang='lat' dir='ltr'>ave,</span> <span class='ocrx_word' id='word_1_176' title='bbox 614 2508 707 2555; x_wconf 84' lang='lat' dir='ltr'>saneta</span> <span class='ocrx_word' id='word_1_177' title='bbox 724 2501 757 2556; x_wconf 89' lang='lat' dir='ltr'>de</span> <span class='ocrx_word' id='word_1_178' title='bbox 775 2501 889 2569; x_wconf 87' lang='lat' dir='ltr'>Virgine</span> <span class='ocrx_word' id='word_1_179' title='bbox 908 2508 1008 2568; x_wconf 83' lang='lat' dir='ltr'>natum,</span> 
     </span>
     <span class='ocr_line' id='line_1_23' title="bbox 339 2585 944 2653; baseline -0.007 -15"><span class='ocrx_word' id='word_1_180' title='bbox 339 2588 408 2653; x_wconf 81' lang='lat' dir='ltr'>Viva</span> <span class='ocrx_word' id='word_1_181' title='bbox 425 2602 496 2651; x_wconf 87' lang='lat' dir='ltr'>caro,</span> <span class='ocrx_word' id='word_1_182' title='bbox 514 2585 608 2639; x_wconf 89' lang='lat' dir='ltr'>Deitas</span> <span class='ocrx_word' id='word_1_183' title='bbox 626 2587 741 2653; x_wconf 85' lang='lat' dir='ltr'>integra,</span> <span class='ocrx_word' id='word_1_184' title='bbox 760 2602 839 2639; x_wconf 86' lang='lat' dir='ltr'>verus</span> <span class='ocrx_word' id='word_1_185' title='bbox 857 2586 944 2640; x_wconf 89' lang='lat' dir='ltr'>homo</span> 
     </span>
    </p>

    <p class='ocr_par' dir='ltr' id='par_1_10' title="bbox 289 2670 995 2808">
     <span class='ocr_line' id='line_1_24' title="bbox 289 2670 995 2738; baseline -0.003 -12"><span class='ocrx_word' id='word_1_186' title='bbox 289 2672 375 2738; x_wconf 87' lang='lat' dir='ltr'>Salve,</span> <span class='ocrx_word' id='word_1_187' title='bbox 394 2686 459 2724; x_wconf 83' lang='lat' dir='ltr'>vera</span> <span class='ocrx_word' id='word_1_188' title='bbox 476 2670 557 2737; x_wconf 86' lang='lat' dir='ltr'>salus,</span> <span class='ocrx_word' id='word_1_189' title='bbox 574 2672 626 2735; x_wconf 77' lang='lat' dir='ltr'>via,</span> <span class='ocrx_word' id='word_1_190' title='bbox 645 2671 707 2735; x_wconf 88' lang='lat' dir='ltr'>vita,</span> <span class='ocrx_word' id='word_1_191' title='bbox 726 2670 875 2738; x_wconf 88' lang='lat' dir='ltr'>redemptio</span> <span class='ocrx_word' id='word_1_192' title='bbox 893 2671 995 2736; x_wconf 89' lang='lat' dir='ltr'>mundi,</span> 
     </span>
     <span class='ocr_line' id='line_1_25' title="bbox 340 2743 951 2808; baseline -0.002 0"><span class='ocrx_word' id='word_1_193' title='bbox 340 2755 449 2808; x_wconf 86' lang='lat' dir='ltr'>Liberet</span> <span class='ocrx_word' id='word_1_194' title='bbox 467 2743 604 2807; x_wconf 50' lang='lat' dir='ltr'>a&#39;cunctis</span> <span class='ocrx_word' id='word_1_195' title='bbox 622 2769 671 2808; x_wconf 86' lang='lat' dir='ltr'>nos</span> <span class='ocrx_word' id='word_1_196' title='bbox 689 2761 735 2807; x_wconf 88' lang='lat' dir='ltr'>tua</span> <span class='ocrx_word' id='word_1_197' title='bbox 752 2753 847 2808; x_wconf 84' lang='lat' dir='ltr'>dextra</span> <span class='ocrx_word' id='word_1_198' title='bbox 865 2754 951 2807; x_wconf 80' lang='lat' dir='ltr'>malis,</span> 
     </span>
    </p>
   </div>
   <div class='ocr_carea' id='block_1_9' title="bbox 291 2858 1022 3258">
    <p class='ocr_par' dir='ltr' id='par_1_11' title="bbox 291 2858 1022 3258">
     <span class='ocr_line' id='line_1_26' title="bbox 445 2858 856 2908; baseline -0.01 0"><span class='ocrx_word' id='word_1_199' title='bbox 445 2858 497 2908; x_wconf 86' lang='lat' dir='ltr'>Ad</span> <span class='ocrx_word' id='word_1_200' title='bbox 515 2858 722 2907; x_wconf 83' lang='lat' dir='ltr'>elevationem</span> <span class='ocrx_word' id='word_1_201' title='bbox 741 2858 856 2908; x_wconf 81' lang='lat' dir='ltr'>calicis.</span> 
     </span>
     <span class='ocr_line' id='line_1_27' title="bbox 291 2937 981 3008; baseline 0.001 -15"><span class='ocrx_word' id='word_1_202' title='bbox 291 2939 391 2994; x_wconf 84' lang='lat' dir='ltr'>Christi</span> <span class='ocrx_word' id='word_1_203' title='bbox 409 2940 600 3007; x_wconf 63' lang='lat' dir='ltr'>sanguinare,</span> <span class='ocrx_word' id='word_1_204' title='bbox 620 2937 690 2991; x_wconf 90' lang='lat' dir='ltr'>ooeli</span> <span class='ocrx_word' id='word_1_205' title='bbox 708 2937 875 2991; x_wconf 86' lang='lat' dir='ltr'>sanctissime</span> <span class='ocrx_word' id='word_1_206' title='bbox 893 2946 981 3008; x_wconf 86' lang='lat' dir='ltr'>potus,</span> 
     </span>
     <span class='ocr_line' id='line_1_28' title="bbox 340 3023 930 3088; baseline -0.002 -10"><span class='ocrx_word' id='word_1_207' title='bbox 340 3023 418 3078; x_wconf 91' lang='lat' dir='ltr'>Unda</span> <span class='ocrx_word' id='word_1_208' title='bbox 436 3024 571 3088; x_wconf 88' lang='lat' dir='ltr'>salutaris,</span> <span class='ocrx_word' id='word_1_209' title='bbox 590 3024 703 3076; x_wconf 86' lang='lat' dir='ltr'>erimina</span> <span class='ocrx_word' id='word_1_210' title='bbox 721 3027 814 3076; x_wconf 86' lang='lat' dir='ltr'>nostra</span> <span class='ocrx_word' id='word_1_211' title='bbox 829 3023 930 3077; x_wconf 82' lang='lat' dir='ltr'>lavans.</span> 
     </span>
     <span class='ocr_line' id='line_1_29' title="bbox 292 3105 1022 3174; baseline 0.003 -15"><span class='ocrx_word' id='word_1_212' title='bbox 292 3107 414 3174; x_wconf 84' lang='lat' dir='ltr'>Sanguis,</span> <span class='ocrx_word' id='word_1_213' title='bbox 433 3123 490 3174; x_wconf 85' lang='lat' dir='ltr'>are,</span> <span class='ocrx_word' id='word_1_214' title='bbox 508 3106 602 3160; x_wconf 86' lang='lat' dir='ltr'>lateris</span> <span class='ocrx_word' id='word_1_215' title='bbox 621 3106 722 3160; x_wconf 85' lang='lat' dir='ltr'>Christi</span> <span class='ocrx_word' id='word_1_216' title='bbox 740 3106 773 3158; x_wconf 93' lang='lat' dir='ltr'>de</span> <span class='ocrx_word' id='word_1_217' title='bbox 791 3105 902 3160; x_wconf 86' lang='lat' dir='ltr'>vulnere</span> <span class='ocrx_word' id='word_1_218' title='bbox 921 3122 1022 3174; x_wconf 88' lang='lat' dir='ltr'>sparse,</span> 
     </span>
     <span class='ocr_line' id='line_1_30' title="bbox 340 3188 1000 3258; baseline -0.002 -15"><span class='ocrx_word' id='word_1_219' title='bbox 340 3191 373 3244; x_wconf 92' lang='lat' dir='ltr'>In</span> <span class='ocrx_word' id='word_1_220' title='bbox 390 3192 475 3246; x_wconf 82' lang='lat' dir='ltr'>Cruoe</span> <span class='ocrx_word' id='word_1_221' title='bbox 493 3197 520 3243; x_wconf 93' lang='lat' dir='ltr'>te</span> <span class='ocrx_word' id='word_1_222' title='bbox 537 3191 659 3258; x_wconf 82' lang='lat' dir='ltr'>pandens</span> <span class='ocrx_word' id='word_1_223' title='bbox 676 3190 747 3244; x_wconf 88' lang='lat' dir='ltr'>unda</span> <span class='ocrx_word' id='word_1_224' title='bbox 766 3188 889 3257; x_wconf 86' lang='lat' dir='ltr'>salubris,</span> <span class='ocrx_word' id='word_1_225' title='bbox 908 3192 968 3243; x_wconf 89' lang='lat' dir='ltr'>ave!</span> <span class='ocrx_word' id='word_1_226' title='bbox 993 3215 1000 3222; x_wconf 85' lang='lat'><strong>·</strong></span> 
     </span>
    </p>
   </div>
   <div class='ocr_carea' id='block_1_10' title="bbox 276 3291 869 3437">
    <p class='ocr_par' dir='ltr' id='par_1_12' title="bbox 276 3291 869 3437">
     <span class='ocr_line' id='line_1_31' title="bbox 276 3291 869 3437; baseline 0.003 -65"><span class='ocrx_word' id='word_1_227' title='bbox 276 3411 290 3437; x_wconf 32' lang='grc' dir='ltr'><strong><em>ὓ</em></strong></span> <span class='ocrx_word' id='word_1_228' title='bbox 442 3294 503 3373; x_wconf 87' lang='lat' dir='ltr'>IX.</span> <span class='ocrx_word' id='word_1_229' title='bbox 544 3291 627 3396; x_wconf 66' lang='lat' dir='ltr'>Rani</span> <span class='ocrx_word' id='word_1_230' title='bbox 652 3292 869 3390; x_wconf 53' lang='lat' dir='ltr'>dimotionem.</span> 
     </span>
    </p>
   </div>
   <div class='ocr_carea' id='block_1_11' title="bbox 312 4157 1276 4226">
    <p class='ocr_par' dir='ltr' id='par_1_13' title="bbox 312 4157 1276 4226">
     <span class='ocr_line' id='line_1_32' title="bbox 312 4157 1276 4226; baseline 0.003 -12"><span class='ocrx_word' id='word_1_231' title='bbox 312 4162 339 4215; x_wconf 82' lang='lat'>2.</span> <span class='ocrx_word' id='word_1_232' title='bbox 374 4159 397 4217; x_wconf 93' lang='grc' dir='ltr'>Ο</span> <span class='ocrx_word' id='word_1_233' title='bbox 430 4175 582 4217; x_wconf 71' lang='lat' dir='ltr'>memo·</span> <span class='ocrx_word' id='word_1_234' title='bbox 608 4159 672 4216; x_wconf 71' lang='lat' dir='ltr'>ri&#39;·</span> <span class='ocrx_word' id='word_1_235' title='bbox 698 4160 762 4215; x_wconf 73' lang='lat' dir='ltr'>a·</span> <span class='ocrx_word' id='word_1_236' title='bbox 796 4159 824 4216; x_wconf 91' lang='lat' dir='ltr'>le</span> <span class='ocrx_word' id='word_1_237' title='bbox 883 4159 1011 4215; x_wconf 90' lang='lat' dir='ltr'>mor-tis</span> <span class='ocrx_word' id='word_1_238' title='bbox 1036 4157 1171 4216; x_wconf 67' lang='lat' dir='ltr'>Dei-mi·</span> <span class='ocrx_word' id='word_1_239' title='bbox 1273 4223 1276 4226; x_wconf 50' lang='grc'>,</span> 
     </span>
    </p>
   </div>
   <div class='ocr_carea' id='block_1_12' title="bbox 160 4240 1169 4435">
    <p class='ocr_par' dir='ltr' id='par_1_14' title="bbox 160 4240 1169 4435">
     <span class='ocr_line' id='line_1_33' title="bbox 313 4240 1169 4314; baseline 0.004 -16"><span class='ocrx_word' id='word_1_240' title='bbox 313 4248 338 4300; x_wconf 86' lang='grc'>3.</span> <span class='ocrx_word' id='word_1_241' title='bbox 376 4244 480 4309; x_wconf 87' lang='lat' dir='ltr'>Je·su,</span> <span class='ocrx_word' id='word_1_242' title='bbox 500 4259 582 4314; x_wconf 89' lang='lat' dir='ltr'>quem</span> <span class='ocrx_word' id='word_1_243' title='bbox 600 4260 634 4300; x_wconf 86' lang='lat' dir='ltr'>ve</span> <span class='ocrx_word' id='word_1_244' title='bbox 656 4244 719 4301; x_wconf 75' lang='lat' dir='ltr'>-la</span> <span class='ocrx_word' id='word_1_245' title='bbox 753 4251 845 4301; x_wconf 87' lang='lat' dir='ltr'>·tum</span> <span class='ocrx_word' id='word_1_246' title='bbox 887 4240 1104 4314; x_wconf 73' lang='lat' dir='ltr'>nonoadspi·</span> <span class='ocrx_word' id='word_1_247' title='bbox 1130 4246 1169 4301; x_wconf 89' lang='lat' dir='ltr'>ei·</span> 
     </span>
     <span class='ocr_line' id='line_1_34' title="bbox 160 4324 771 4435; baseline -0.002 -22"><span class='ocrx_word' id='word_1_248' title='bbox 160 4373 184 4424; x_wconf 69' lang='lat' dir='ltr'>l)</span> <span class='ocrx_word' id='word_1_249' title='bbox 197 4377 255 4414; x_wconf 80' lang='lat' dir='ltr'>iluna</span> <span class='ocrx_word' id='word_1_250' title='bbox 269 4375 349 4435; x_wconf 79' lang='lat' dir='ltr'>cantum</span> <span class='ocrx_word' id='word_1_251' title='bbox 362 4374 384 4411; x_wconf 93' lang='lat' dir='ltr'>ln</span> <span class='ocrx_word' id='word_1_252' title='bbox 397 4383 449 4412; x_wconf 80' lang='lat' dir='ltr'>nova</span> <span class='ocrx_word' id='word_1_253' title='bbox 462 4374 558 4412; x_wconf 78' lang='lat' dir='ltr'>Manualia</span> <span class='ocrx_word' id='word_1_254' title='bbox 573 4373 660 4411; x_wconf 85' lang='lat' dir='ltr'>editione</span> <span class='ocrx_word' id='word_1_255' title='bbox 673 4324 771 4412; x_wconf 58' lang='lat' dir='ltr'>rurenses.</span> 
     </span>
    </p>
   </div>
   <div class='ocr_carea' id='block_1_13' title="bbox 0 0 1385 4740">
    <p class='ocr_par' dir='ltr' id='par_1_15' title="bbox 0 0 1385 4740">
     <span class='ocr_line' id='line_1_35' title="bbox 0 0 1385 4740; baseline 0 0"><span class='ocrx_word' id='word_1_256' title='bbox 0 0 1385 4740; x_wconf 95' lang='lat' dir='ltr'> </span> 
     </span>
    </p>
   </div>
  </div>
 </body>
</html>
